%YAML 1.1
%TAG !u! tag:unity3d.com,2011:
--- !u!1 &3902299997684215009
GameObject:
  m_ObjectHideFlags: 0
  m_CorrespondingSourceObject: {fileID: 0}
  m_PrefabInstance: {fileID: 0}
  m_PrefabAsset: {fileID: 0}
  serializedVersion: 6
  m_Component:
  - component: {fileID: 3902299997684215004}
  - component: {fileID: 3902299997684215005}
  - component: {fileID: 3902299997684215010}
  - component: {fileID: 3902299997684215011}
  - component: {fileID: 3902299997684215008}
  m_Layer: 0
  m_Name: Pipe (1)
  m_TagString: Untagged
  m_Icon: {fileID: 0}
  m_NavMeshLayer: 0
  m_StaticEditorFlags: 0
  m_IsActive: 1
--- !u!4 &3902299997684215004
Transform:
  m_ObjectHideFlags: 0
  m_CorrespondingSourceObject: {fileID: 0}
  m_PrefabInstance: {fileID: 0}
  m_PrefabAsset: {fileID: 0}
  m_GameObject: {fileID: 3902299997684215009}
  m_LocalRotation: {x: -0, y: 0.19509031, z: -0, w: 0.98078537}
  m_LocalPosition: {x: 27.169983, y: 0, z: 13.890015}
  m_LocalScale: {x: 25.628801, y: 25.628803, z: 25.628801}
  m_ConstrainProportionsScale: 0
  m_Children: []
  m_Father: {fileID: 3902299998264058644}
  m_RootOrder: 0
  m_LocalEulerAnglesHint: {x: 0, y: 22.5, z: 0}
--- !u!114 &3902299997684215005
MonoBehaviour:
  m_ObjectHideFlags: 0
  m_CorrespondingSourceObject: {fileID: 0}
  m_PrefabInstance: {fileID: 0}
  m_PrefabAsset: {fileID: 0}
  m_GameObject: {fileID: 3902299997684215009}
  m_Enabled: 1
  m_EditorHideFlags: 0
  m_Script: {fileID: 11500000, guid: 8233d90336aea43098adf6dbabd606a2, type: 3}
  m_Name: 
  m_EditorClassIdentifier: 
  m_MeshFormatVersion: 2
  m_Faces:
  - m_Indexes: 000000000100000002000000010000000300000002000000
    m_SmoothingGroup: 0
    m_Uv:
      m_UseWorldSpace: 0
      m_FlipU: 0
      m_FlipV: 0
      m_SwapUV: 0
      m_Fill: 1
      m_Scale: {x: 1, y: 1}
      m_Offset: {x: 0, y: 0}
      m_Rotation: 0
      m_Anchor: 9
    m_Material: {fileID: 0}
    m_SubmeshIndex: 0
    m_ManualUV: 0
    elementGroup: -1
    m_TextureGroup: -1
  - m_Indexes: 040000000500000006000000050000000700000006000000
    m_SmoothingGroup: 0
    m_Uv:
      m_UseWorldSpace: 0
      m_FlipU: 0
      m_FlipV: 0
      m_SwapUV: 0
      m_Fill: 1
      m_Scale: {x: 1, y: 1}
      m_Offset: {x: 0, y: 0}
      m_Rotation: 0
      m_Anchor: 9
    m_Material: {fileID: 0}
    m_SubmeshIndex: 0
    m_ManualUV: 0
    elementGroup: -1
    m_TextureGroup: -1
  - m_Indexes: 08000000090000000a000000090000000b0000000a000000
    m_SmoothingGroup: 0
    m_Uv:
      m_UseWorldSpace: 0
      m_FlipU: 0
      m_FlipV: 0
      m_SwapUV: 0
      m_Fill: 1
      m_Scale: {x: 1, y: 1}
      m_Offset: {x: 0, y: 0}
      m_Rotation: 0
      m_Anchor: 9
    m_Material: {fileID: 0}
    m_SubmeshIndex: 0
    m_ManualUV: 0
    elementGroup: -1
    m_TextureGroup: -1
  - m_Indexes: 0c0000000d0000000e0000000d0000000f0000000e000000
    m_SmoothingGroup: 0
    m_Uv:
      m_UseWorldSpace: 0
      m_FlipU: 0
      m_FlipV: 0
      m_SwapUV: 0
      m_Fill: 1
      m_Scale: {x: 1, y: 1}
      m_Offset: {x: 0, y: 0}
      m_Rotation: 0
      m_Anchor: 9
    m_Material: {fileID: 0}
    m_SubmeshIndex: 0
    m_ManualUV: 0
    elementGroup: -1
    m_TextureGroup: -1
  - m_Indexes: 100000001100000012000000110000001300000012000000
    m_SmoothingGroup: 0
    m_Uv:
      m_UseWorldSpace: 0
      m_FlipU: 0
      m_FlipV: 0
      m_SwapUV: 0
      m_Fill: 1
      m_Scale: {x: 1, y: 1}
      m_Offset: {x: 0, y: 0}
      m_Rotation: 0
      m_Anchor: 9
    m_Material: {fileID: 0}
    m_SubmeshIndex: 0
    m_ManualUV: 0
    elementGroup: -1
    m_TextureGroup: -1
  - m_Indexes: 140000001500000016000000150000001700000016000000
    m_SmoothingGroup: 0
    m_Uv:
      m_UseWorldSpace: 0
      m_FlipU: 0
      m_FlipV: 0
      m_SwapUV: 0
      m_Fill: 1
      m_Scale: {x: 1, y: 1}
      m_Offset: {x: 0, y: 0}
      m_Rotation: 0
      m_Anchor: 9
    m_Material: {fileID: 0}
    m_SubmeshIndex: 0
    m_ManualUV: 0
    elementGroup: -1
    m_TextureGroup: -1
  - m_Indexes: 18000000190000001a000000190000001b0000001a000000
    m_SmoothingGroup: 0
    m_Uv:
      m_UseWorldSpace: 0
      m_FlipU: 0
      m_FlipV: 0
      m_SwapUV: 0
      m_Fill: 1
      m_Scale: {x: 1, y: 1}
      m_Offset: {x: 0, y: 0}
      m_Rotation: 0
      m_Anchor: 9
    m_Material: {fileID: 0}
    m_SubmeshIndex: 0
    m_ManualUV: 0
    elementGroup: -1
    m_TextureGroup: -1
  - m_Indexes: 1c0000001d0000001e0000001d0000001f0000001e000000
    m_SmoothingGroup: 0
    m_Uv:
      m_UseWorldSpace: 0
      m_FlipU: 0
      m_FlipV: 0
      m_SwapUV: 0
      m_Fill: 1
      m_Scale: {x: 1, y: 1}
      m_Offset: {x: 0, y: 0}
      m_Rotation: 0
      m_Anchor: 9
    m_Material: {fileID: 0}
    m_SubmeshIndex: 0
    m_ManualUV: 0
    elementGroup: -1
    m_TextureGroup: -1
  - m_Indexes: 200000002100000022000000210000002300000022000000
    m_SmoothingGroup: 0
    m_Uv:
      m_UseWorldSpace: 0
      m_FlipU: 0
      m_FlipV: 0
      m_SwapUV: 0
      m_Fill: 1
      m_Scale: {x: 1, y: 1}
      m_Offset: {x: 0, y: 0}
      m_Rotation: 0
      m_Anchor: 9
    m_Material: {fileID: 0}
    m_SubmeshIndex: 0
    m_ManualUV: 0
    elementGroup: -1
    m_TextureGroup: -1
  - m_Indexes: 240000002500000026000000250000002700000026000000
    m_SmoothingGroup: 0
    m_Uv:
      m_UseWorldSpace: 0
      m_FlipU: 0
      m_FlipV: 0
      m_SwapUV: 0
      m_Fill: 1
      m_Scale: {x: 1, y: 1}
      m_Offset: {x: 0, y: 0}
      m_Rotation: 0
      m_Anchor: 9
    m_Material: {fileID: 0}
    m_SubmeshIndex: 0
    m_ManualUV: 0
    elementGroup: -1
    m_TextureGroup: -1
  - m_Indexes: 28000000290000002a000000290000002b0000002a000000
    m_SmoothingGroup: 0
    m_Uv:
      m_UseWorldSpace: 0
      m_FlipU: 0
      m_FlipV: 0
      m_SwapUV: 0
      m_Fill: 1
      m_Scale: {x: 1, y: 1}
      m_Offset: {x: 0, y: 0}
      m_Rotation: 0
      m_Anchor: 9
    m_Material: {fileID: 0}
    m_SubmeshIndex: 0
    m_ManualUV: 0
    elementGroup: -1
    m_TextureGroup: -1
  - m_Indexes: 2c0000002d0000002e0000002d0000002f0000002e000000
    m_SmoothingGroup: 0
    m_Uv:
      m_UseWorldSpace: 0
      m_FlipU: 0
      m_FlipV: 0
      m_SwapUV: 0
      m_Fill: 1
      m_Scale: {x: 1, y: 1}
      m_Offset: {x: 0, y: 0}
      m_Rotation: 0
      m_Anchor: 9
    m_Material: {fileID: 0}
    m_SubmeshIndex: 0
    m_ManualUV: 0
    elementGroup: -1
    m_TextureGroup: -1
  - m_Indexes: 300000003100000032000000310000003300000032000000
    m_SmoothingGroup: 0
    m_Uv:
      m_UseWorldSpace: 0
      m_FlipU: 0
      m_FlipV: 0
      m_SwapUV: 0
      m_Fill: 1
      m_Scale: {x: 1, y: 1}
      m_Offset: {x: 0, y: 0}
      m_Rotation: 0
      m_Anchor: 9
    m_Material: {fileID: 0}
    m_SubmeshIndex: 0
    m_ManualUV: 0
    elementGroup: -1
    m_TextureGroup: -1
  - m_Indexes: 340000003500000036000000350000003700000036000000
    m_SmoothingGroup: 0
    m_Uv:
      m_UseWorldSpace: 0
      m_FlipU: 0
      m_FlipV: 0
      m_SwapUV: 0
      m_Fill: 1
      m_Scale: {x: 1, y: 1}
      m_Offset: {x: 0, y: 0}
      m_Rotation: 0
      m_Anchor: 9
    m_Material: {fileID: 0}
    m_SubmeshIndex: 0
    m_ManualUV: 0
    elementGroup: -1
    m_TextureGroup: -1
  - m_Indexes: 38000000390000003a000000390000003b0000003a000000
    m_SmoothingGroup: 0
    m_Uv:
      m_UseWorldSpace: 0
      m_FlipU: 0
      m_FlipV: 0
      m_SwapUV: 0
      m_Fill: 1
      m_Scale: {x: 1, y: 1}
      m_Offset: {x: 0, y: 0}
      m_Rotation: 0
      m_Anchor: 9
    m_Material: {fileID: 0}
    m_SubmeshIndex: 0
    m_ManualUV: 0
    elementGroup: -1
    m_TextureGroup: -1
  - m_Indexes: 3c0000003d0000003e0000003d0000003f0000003e000000
    m_SmoothingGroup: 0
    m_Uv:
      m_UseWorldSpace: 0
      m_FlipU: 0
      m_FlipV: 0
      m_SwapUV: 0
      m_Fill: 1
      m_Scale: {x: 1, y: 1}
      m_Offset: {x: 0, y: 0}
      m_Rotation: 0
      m_Anchor: 9
    m_Material: {fileID: 0}
    m_SubmeshIndex: 0
    m_ManualUV: 0
    elementGroup: -1
    m_TextureGroup: -1
  - m_Indexes: 400000004100000042000000410000004300000042000000
    m_SmoothingGroup: 0
    m_Uv:
      m_UseWorldSpace: 0
      m_FlipU: 0
      m_FlipV: 0
      m_SwapUV: 0
      m_Fill: 1
      m_Scale: {x: 1, y: 1}
      m_Offset: {x: 0, y: 0}
      m_Rotation: 0
      m_Anchor: 9
    m_Material: {fileID: 0}
    m_SubmeshIndex: 0
    m_ManualUV: 0
    elementGroup: -1
    m_TextureGroup: -1
  - m_Indexes: 440000004500000046000000450000004700000046000000
    m_SmoothingGroup: 0
    m_Uv:
      m_UseWorldSpace: 0
      m_FlipU: 0
      m_FlipV: 0
      m_SwapUV: 0
      m_Fill: 1
      m_Scale: {x: 1, y: 1}
      m_Offset: {x: 0, y: 0}
      m_Rotation: 0
      m_Anchor: 9
    m_Material: {fileID: 0}
    m_SubmeshIndex: 0
    m_ManualUV: 0
    elementGroup: -1
    m_TextureGroup: -1
  - m_Indexes: 48000000490000004a000000490000004b0000004a000000
    m_SmoothingGroup: 0
    m_Uv:
      m_UseWorldSpace: 0
      m_FlipU: 0
      m_FlipV: 0
      m_SwapUV: 0
      m_Fill: 1
      m_Scale: {x: 1, y: 1}
      m_Offset: {x: 0, y: 0}
      m_Rotation: 0
      m_Anchor: 9
    m_Material: {fileID: 0}
    m_SubmeshIndex: 0
    m_ManualUV: 0
    elementGroup: -1
    m_TextureGroup: -1
  - m_Indexes: 4c0000004d0000004e0000004d0000004f0000004e000000
    m_SmoothingGroup: 0
    m_Uv:
      m_UseWorldSpace: 0
      m_FlipU: 0
      m_FlipV: 0
      m_SwapUV: 0
      m_Fill: 1
      m_Scale: {x: 1, y: 1}
      m_Offset: {x: 0, y: 0}
      m_Rotation: 0
      m_Anchor: 9
    m_Material: {fileID: 0}
    m_SubmeshIndex: 0
    m_ManualUV: 0
    elementGroup: -1
    m_TextureGroup: -1
  - m_Indexes: 500000005100000052000000510000005300000052000000
    m_SmoothingGroup: 0
    m_Uv:
      m_UseWorldSpace: 0
      m_FlipU: 0
      m_FlipV: 0
      m_SwapUV: 0
      m_Fill: 1
      m_Scale: {x: 1, y: 1}
      m_Offset: {x: 0, y: 0}
      m_Rotation: 0
      m_Anchor: 9
    m_Material: {fileID: 0}
    m_SubmeshIndex: 0
    m_ManualUV: 0
    elementGroup: -1
    m_TextureGroup: -1
  - m_Indexes: 540000005500000056000000550000005700000056000000
    m_SmoothingGroup: 0
    m_Uv:
      m_UseWorldSpace: 0
      m_FlipU: 0
      m_FlipV: 0
      m_SwapUV: 0
      m_Fill: 1
      m_Scale: {x: 1, y: 1}
      m_Offset: {x: 0, y: 0}
      m_Rotation: 0
      m_Anchor: 9
    m_Material: {fileID: 0}
    m_SubmeshIndex: 0
    m_ManualUV: 0
    elementGroup: -1
    m_TextureGroup: -1
  - m_Indexes: 58000000590000005a000000590000005b0000005a000000
    m_SmoothingGroup: 0
    m_Uv:
      m_UseWorldSpace: 0
      m_FlipU: 0
      m_FlipV: 0
      m_SwapUV: 0
      m_Fill: 1
      m_Scale: {x: 1, y: 1}
      m_Offset: {x: 0, y: 0}
      m_Rotation: 0
      m_Anchor: 9
    m_Material: {fileID: 0}
    m_SubmeshIndex: 0
    m_ManualUV: 0
    elementGroup: -1
    m_TextureGroup: -1
  - m_Indexes: 5c0000005d0000005e0000005d0000005f0000005e000000
    m_SmoothingGroup: 0
    m_Uv:
      m_UseWorldSpace: 0
      m_FlipU: 0
      m_FlipV: 0
      m_SwapUV: 0
      m_Fill: 1
      m_Scale: {x: 1, y: 1}
      m_Offset: {x: 0, y: 0}
      m_Rotation: 0
      m_Anchor: 9
    m_Material: {fileID: 0}
    m_SubmeshIndex: 0
    m_ManualUV: 0
    elementGroup: -1
    m_TextureGroup: -1
  - m_Indexes: 600000006100000062000000610000006300000062000000
    m_SmoothingGroup: 0
    m_Uv:
      m_UseWorldSpace: 0
      m_FlipU: 0
      m_FlipV: 0
      m_SwapUV: 0
      m_Fill: 1
      m_Scale: {x: 1, y: 1}
      m_Offset: {x: 0, y: 0}
      m_Rotation: 0
      m_Anchor: 9
    m_Material: {fileID: 0}
    m_SubmeshIndex: 0
    m_ManualUV: 0
    elementGroup: -1
    m_TextureGroup: -1
  - m_Indexes: 640000006500000066000000650000006700000066000000
    m_SmoothingGroup: 0
    m_Uv:
      m_UseWorldSpace: 0
      m_FlipU: 0
      m_FlipV: 0
      m_SwapUV: 0
      m_Fill: 1
      m_Scale: {x: 1, y: 1}
      m_Offset: {x: 0, y: 0}
      m_Rotation: 0
      m_Anchor: 9
    m_Material: {fileID: 0}
    m_SubmeshIndex: 0
    m_ManualUV: 0
    elementGroup: -1
    m_TextureGroup: -1
  - m_Indexes: 68000000690000006a000000690000006b0000006a000000
    m_SmoothingGroup: 0
    m_Uv:
      m_UseWorldSpace: 0
      m_FlipU: 0
      m_FlipV: 0
      m_SwapUV: 0
      m_Fill: 1
      m_Scale: {x: 1, y: 1}
      m_Offset: {x: 0, y: 0}
      m_Rotation: 0
      m_Anchor: 9
    m_Material: {fileID: 0}
    m_SubmeshIndex: 0
    m_ManualUV: 0
    elementGroup: -1
    m_TextureGroup: -1
  - m_Indexes: 6c0000006d0000006e0000006d0000006f0000006e000000
    m_SmoothingGroup: 0
    m_Uv:
      m_UseWorldSpace: 0
      m_FlipU: 0
      m_FlipV: 0
      m_SwapUV: 0
      m_Fill: 1
      m_Scale: {x: 1, y: 1}
      m_Offset: {x: 0, y: 0}
      m_Rotation: 0
      m_Anchor: 9
    m_Material: {fileID: 0}
    m_SubmeshIndex: 0
    m_ManualUV: 0
    elementGroup: -1
    m_TextureGroup: -1
  - m_Indexes: 700000007100000072000000710000007300000072000000
    m_SmoothingGroup: 0
    m_Uv:
      m_UseWorldSpace: 0
      m_FlipU: 0
      m_FlipV: 0
      m_SwapUV: 0
      m_Fill: 1
      m_Scale: {x: 1, y: 1}
      m_Offset: {x: 0, y: 0}
      m_Rotation: 0
      m_Anchor: 9
    m_Material: {fileID: 0}
    m_SubmeshIndex: 0
    m_ManualUV: 0
    elementGroup: -1
    m_TextureGroup: -1
  - m_Indexes: 740000007500000076000000750000007700000076000000
    m_SmoothingGroup: 0
    m_Uv:
      m_UseWorldSpace: 0
      m_FlipU: 0
      m_FlipV: 0
      m_SwapUV: 0
      m_Fill: 1
      m_Scale: {x: 1, y: 1}
      m_Offset: {x: 0, y: 0}
      m_Rotation: 0
      m_Anchor: 9
    m_Material: {fileID: 0}
    m_SubmeshIndex: 0
    m_ManualUV: 0
    elementGroup: -1
    m_TextureGroup: -1
  - m_Indexes: 78000000790000007a000000790000007b0000007a000000
    m_SmoothingGroup: 0
    m_Uv:
      m_UseWorldSpace: 0
      m_FlipU: 0
      m_FlipV: 0
      m_SwapUV: 0
      m_Fill: 1
      m_Scale: {x: 1, y: 1}
      m_Offset: {x: 0, y: 0}
      m_Rotation: 0
      m_Anchor: 9
    m_Material: {fileID: 0}
    m_SubmeshIndex: 0
    m_ManualUV: 0
    elementGroup: -1
    m_TextureGroup: -1
  - m_Indexes: 7c0000007d0000007e0000007d0000007f0000007e000000
    m_SmoothingGroup: 0
    m_Uv:
      m_UseWorldSpace: 0
      m_FlipU: 0
      m_FlipV: 0
      m_SwapUV: 0
      m_Fill: 1
      m_Scale: {x: 1, y: 1}
      m_Offset: {x: 0, y: 0}
      m_Rotation: 0
      m_Anchor: 9
    m_Material: {fileID: 0}
    m_SubmeshIndex: 0
    m_ManualUV: 0
    elementGroup: -1
    m_TextureGroup: -1
  - m_Indexes: 800000008100000082000000810000008300000082000000
    m_SmoothingGroup: 0
    m_Uv:
      m_UseWorldSpace: 0
      m_FlipU: 0
      m_FlipV: 0
      m_SwapUV: 0
      m_Fill: 1
      m_Scale: {x: 1, y: 1}
      m_Offset: {x: 0, y: 0}
      m_Rotation: 0
      m_Anchor: 9
    m_Material: {fileID: 0}
    m_SubmeshIndex: 0
    m_ManualUV: 0
    elementGroup: -1
    m_TextureGroup: -1
  - m_Indexes: 840000008500000086000000850000008700000086000000
    m_SmoothingGroup: 0
    m_Uv:
      m_UseWorldSpace: 0
      m_FlipU: 0
      m_FlipV: 0
      m_SwapUV: 0
      m_Fill: 1
      m_Scale: {x: 1, y: 1}
      m_Offset: {x: 0, y: 0}
      m_Rotation: 0
      m_Anchor: 9
    m_Material: {fileID: 0}
    m_SubmeshIndex: 0
    m_ManualUV: 0
    elementGroup: -1
    m_TextureGroup: -1
  - m_Indexes: 88000000890000008a000000890000008b0000008a000000
    m_SmoothingGroup: 0
    m_Uv:
      m_UseWorldSpace: 0
      m_FlipU: 0
      m_FlipV: 0
      m_SwapUV: 0
      m_Fill: 1
      m_Scale: {x: 1, y: 1}
      m_Offset: {x: 0, y: 0}
      m_Rotation: 0
      m_Anchor: 9
    m_Material: {fileID: 0}
    m_SubmeshIndex: 0
    m_ManualUV: 0
    elementGroup: -1
    m_TextureGroup: -1
  - m_Indexes: 8c0000008d0000008e0000008d0000008f0000008e000000
    m_SmoothingGroup: 0
    m_Uv:
      m_UseWorldSpace: 0
      m_FlipU: 0
      m_FlipV: 0
      m_SwapUV: 0
      m_Fill: 1
      m_Scale: {x: 1, y: 1}
      m_Offset: {x: 0, y: 0}
      m_Rotation: 0
      m_Anchor: 9
    m_Material: {fileID: 0}
    m_SubmeshIndex: 0
    m_ManualUV: 0
    elementGroup: -1
    m_TextureGroup: -1
  - m_Indexes: 900000009100000092000000910000009300000092000000
    m_SmoothingGroup: 0
    m_Uv:
      m_UseWorldSpace: 0
      m_FlipU: 0
      m_FlipV: 0
      m_SwapUV: 0
      m_Fill: 1
      m_Scale: {x: 1, y: 1}
      m_Offset: {x: 0, y: 0}
      m_Rotation: 0
      m_Anchor: 9
    m_Material: {fileID: 0}
    m_SubmeshIndex: 0
    m_ManualUV: 0
    elementGroup: -1
    m_TextureGroup: -1
  - m_Indexes: 940000009500000096000000950000009700000096000000
    m_SmoothingGroup: 0
    m_Uv:
      m_UseWorldSpace: 0
      m_FlipU: 0
      m_FlipV: 0
      m_SwapUV: 0
      m_Fill: 1
      m_Scale: {x: 1, y: 1}
      m_Offset: {x: 0, y: 0}
      m_Rotation: 0
      m_Anchor: 9
    m_Material: {fileID: 0}
    m_SubmeshIndex: 0
    m_ManualUV: 0
    elementGroup: -1
    m_TextureGroup: -1
  - m_Indexes: 98000000990000009a000000990000009b0000009a000000
    m_SmoothingGroup: 0
    m_Uv:
      m_UseWorldSpace: 0
      m_FlipU: 0
      m_FlipV: 0
      m_SwapUV: 0
      m_Fill: 1
      m_Scale: {x: 1, y: 1}
      m_Offset: {x: 0, y: 0}
      m_Rotation: 0
      m_Anchor: 9
    m_Material: {fileID: 0}
    m_SubmeshIndex: 0
    m_ManualUV: 0
    elementGroup: -1
    m_TextureGroup: -1
  - m_Indexes: 9c0000009d0000009e0000009d0000009f0000009e000000
    m_SmoothingGroup: 0
    m_Uv:
      m_UseWorldSpace: 0
      m_FlipU: 0
      m_FlipV: 0
      m_SwapUV: 0
      m_Fill: 1
      m_Scale: {x: 1, y: 1}
      m_Offset: {x: 0, y: 0}
      m_Rotation: 0
      m_Anchor: 9
    m_Material: {fileID: 0}
    m_SubmeshIndex: 0
    m_ManualUV: 0
    elementGroup: -1
    m_TextureGroup: -1
  - m_Indexes: a0000000a1000000a2000000a1000000a3000000a2000000
    m_SmoothingGroup: 0
    m_Uv:
      m_UseWorldSpace: 0
      m_FlipU: 0
      m_FlipV: 0
      m_SwapUV: 0
      m_Fill: 1
      m_Scale: {x: 1, y: 1}
      m_Offset: {x: 0, y: 0}
      m_Rotation: 0
      m_Anchor: 9
    m_Material: {fileID: 0}
    m_SubmeshIndex: 0
    m_ManualUV: 0
    elementGroup: -1
    m_TextureGroup: -1
  - m_Indexes: a4000000a5000000a6000000a5000000a7000000a6000000
    m_SmoothingGroup: 0
    m_Uv:
      m_UseWorldSpace: 0
      m_FlipU: 0
      m_FlipV: 0
      m_SwapUV: 0
      m_Fill: 1
      m_Scale: {x: 1, y: 1}
      m_Offset: {x: 0, y: 0}
      m_Rotation: 0
      m_Anchor: 9
    m_Material: {fileID: 0}
    m_SubmeshIndex: 0
    m_ManualUV: 0
    elementGroup: -1
    m_TextureGroup: -1
  - m_Indexes: a8000000a9000000aa000000a9000000ab000000aa000000
    m_SmoothingGroup: 0
    m_Uv:
      m_UseWorldSpace: 0
      m_FlipU: 0
      m_FlipV: 0
      m_SwapUV: 0
      m_Fill: 1
      m_Scale: {x: 1, y: 1}
      m_Offset: {x: 0, y: 0}
      m_Rotation: 0
      m_Anchor: 9
    m_Material: {fileID: 0}
    m_SubmeshIndex: 0
    m_ManualUV: 0
    elementGroup: -1
    m_TextureGroup: -1
  - m_Indexes: ac000000ad000000ae000000ad000000af000000ae000000
    m_SmoothingGroup: 0
    m_Uv:
      m_UseWorldSpace: 0
      m_FlipU: 0
      m_FlipV: 0
      m_SwapUV: 0
      m_Fill: 1
      m_Scale: {x: 1, y: 1}
      m_Offset: {x: 0, y: 0}
      m_Rotation: 0
      m_Anchor: 9
    m_Material: {fileID: 0}
    m_SubmeshIndex: 0
    m_ManualUV: 0
    elementGroup: -1
    m_TextureGroup: -1
  - m_Indexes: b0000000b1000000b2000000b1000000b3000000b2000000
    m_SmoothingGroup: 0
    m_Uv:
      m_UseWorldSpace: 0
      m_FlipU: 0
      m_FlipV: 0
      m_SwapUV: 0
      m_Fill: 1
      m_Scale: {x: 1, y: 1}
      m_Offset: {x: 0, y: 0}
      m_Rotation: 0
      m_Anchor: 9
    m_Material: {fileID: 0}
    m_SubmeshIndex: 0
    m_ManualUV: 0
    elementGroup: -1
    m_TextureGroup: -1
  - m_Indexes: b4000000b5000000b6000000b5000000b7000000b6000000
    m_SmoothingGroup: 0
    m_Uv:
      m_UseWorldSpace: 0
      m_FlipU: 0
      m_FlipV: 0
      m_SwapUV: 0
      m_Fill: 1
      m_Scale: {x: 1, y: 1}
      m_Offset: {x: 0, y: 0}
      m_Rotation: 0
      m_Anchor: 9
    m_Material: {fileID: 0}
    m_SubmeshIndex: 0
    m_ManualUV: 0
    elementGroup: -1
    m_TextureGroup: -1
  - m_Indexes: b8000000b9000000ba000000b9000000bb000000ba000000
    m_SmoothingGroup: 0
    m_Uv:
      m_UseWorldSpace: 0
      m_FlipU: 0
      m_FlipV: 0
      m_SwapUV: 0
      m_Fill: 1
      m_Scale: {x: 1, y: 1}
      m_Offset: {x: 0, y: 0}
      m_Rotation: 0
      m_Anchor: 9
    m_Material: {fileID: 0}
    m_SubmeshIndex: 0
    m_ManualUV: 0
    elementGroup: -1
    m_TextureGroup: -1
  - m_Indexes: bc000000bd000000be000000bd000000bf000000be000000
    m_SmoothingGroup: 0
    m_Uv:
      m_UseWorldSpace: 0
      m_FlipU: 0
      m_FlipV: 0
      m_SwapUV: 0
      m_Fill: 1
      m_Scale: {x: 1, y: 1}
      m_Offset: {x: 0, y: 0}
      m_Rotation: 0
      m_Anchor: 9
    m_Material: {fileID: 0}
    m_SubmeshIndex: 0
    m_ManualUV: 0
    elementGroup: -1
    m_TextureGroup: -1
  - m_Indexes: c0000000c1000000c2000000c1000000c3000000c2000000
    m_SmoothingGroup: 0
    m_Uv:
      m_UseWorldSpace: 0
      m_FlipU: 0
      m_FlipV: 0
      m_SwapUV: 0
      m_Fill: 1
      m_Scale: {x: 1, y: 1}
      m_Offset: {x: 0, y: 0}
      m_Rotation: 0
      m_Anchor: 9
    m_Material: {fileID: 0}
    m_SubmeshIndex: 0
    m_ManualUV: 0
    elementGroup: -1
    m_TextureGroup: -1
  - m_Indexes: c4000000c5000000c6000000c5000000c7000000c6000000
    m_SmoothingGroup: 0
    m_Uv:
      m_UseWorldSpace: 0
      m_FlipU: 0
      m_FlipV: 0
      m_SwapUV: 0
      m_Fill: 1
      m_Scale: {x: 1, y: 1}
      m_Offset: {x: 0, y: 0}
      m_Rotation: 0
      m_Anchor: 9
    m_Material: {fileID: 0}
    m_SubmeshIndex: 0
    m_ManualUV: 0
    elementGroup: -1
    m_TextureGroup: -1
  - m_Indexes: c8000000c9000000ca000000c9000000cb000000ca000000
    m_SmoothingGroup: 0
    m_Uv:
      m_UseWorldSpace: 0
      m_FlipU: 0
      m_FlipV: 0
      m_SwapUV: 0
      m_Fill: 1
      m_Scale: {x: 1, y: 1}
      m_Offset: {x: 0, y: 0}
      m_Rotation: 0
      m_Anchor: 9
    m_Material: {fileID: 0}
    m_SubmeshIndex: 0
    m_ManualUV: 0
    elementGroup: -1
    m_TextureGroup: -1
  - m_Indexes: cc000000cd000000ce000000cd000000cf000000ce000000
    m_SmoothingGroup: 0
    m_Uv:
      m_UseWorldSpace: 0
      m_FlipU: 0
      m_FlipV: 0
      m_SwapUV: 0
      m_Fill: 1
      m_Scale: {x: 1, y: 1}
      m_Offset: {x: 0, y: 0}
      m_Rotation: 0
      m_Anchor: 9
    m_Material: {fileID: 0}
    m_SubmeshIndex: 0
    m_ManualUV: 0
    elementGroup: -1
    m_TextureGroup: -1
  - m_Indexes: d0000000d1000000d2000000d1000000d3000000d2000000
    m_SmoothingGroup: 0
    m_Uv:
      m_UseWorldSpace: 0
      m_FlipU: 0
      m_FlipV: 0
      m_SwapUV: 0
      m_Fill: 1
      m_Scale: {x: 1, y: 1}
      m_Offset: {x: 0, y: 0}
      m_Rotation: 0
      m_Anchor: 9
    m_Material: {fileID: 0}
    m_SubmeshIndex: 0
    m_ManualUV: 0
    elementGroup: -1
    m_TextureGroup: -1
  - m_Indexes: d4000000d5000000d6000000d5000000d7000000d6000000
    m_SmoothingGroup: 0
    m_Uv:
      m_UseWorldSpace: 0
      m_FlipU: 0
      m_FlipV: 0
      m_SwapUV: 0
      m_Fill: 1
      m_Scale: {x: 1, y: 1}
      m_Offset: {x: 0, y: 0}
      m_Rotation: 0
      m_Anchor: 9
    m_Material: {fileID: 0}
    m_SubmeshIndex: 0
    m_ManualUV: 0
    elementGroup: -1
    m_TextureGroup: -1
  - m_Indexes: d8000000d9000000da000000d9000000db000000da000000
    m_SmoothingGroup: 0
    m_Uv:
      m_UseWorldSpace: 0
      m_FlipU: 0
      m_FlipV: 0
      m_SwapUV: 0
      m_Fill: 1
      m_Scale: {x: 1, y: 1}
      m_Offset: {x: 0, y: 0}
      m_Rotation: 0
      m_Anchor: 9
    m_Material: {fileID: 0}
    m_SubmeshIndex: 0
    m_ManualUV: 0
    elementGroup: -1
    m_TextureGroup: -1
  - m_Indexes: dc000000dd000000de000000dd000000df000000de000000
    m_SmoothingGroup: 0
    m_Uv:
      m_UseWorldSpace: 0
      m_FlipU: 0
      m_FlipV: 0
      m_SwapUV: 0
      m_Fill: 1
      m_Scale: {x: 1, y: 1}
      m_Offset: {x: 0, y: 0}
      m_Rotation: 0
      m_Anchor: 9
    m_Material: {fileID: 0}
    m_SubmeshIndex: 0
    m_ManualUV: 0
    elementGroup: -1
    m_TextureGroup: -1
  - m_Indexes: e0000000e1000000e2000000e1000000e3000000e2000000
    m_SmoothingGroup: 0
    m_Uv:
      m_UseWorldSpace: 0
      m_FlipU: 0
      m_FlipV: 0
      m_SwapUV: 0
      m_Fill: 1
      m_Scale: {x: 1, y: 1}
      m_Offset: {x: 0, y: 0}
      m_Rotation: 0
      m_Anchor: 9
    m_Material: {fileID: 0}
    m_SubmeshIndex: 0
    m_ManualUV: 0
    elementGroup: -1
    m_TextureGroup: -1
  - m_Indexes: e4000000e5000000e6000000e5000000e7000000e6000000
    m_SmoothingGroup: 0
    m_Uv:
      m_UseWorldSpace: 0
      m_FlipU: 0
      m_FlipV: 0
      m_SwapUV: 0
      m_Fill: 1
      m_Scale: {x: 1, y: 1}
      m_Offset: {x: 0, y: 0}
      m_Rotation: 0
      m_Anchor: 9
    m_Material: {fileID: 0}
    m_SubmeshIndex: 0
    m_ManualUV: 0
    elementGroup: -1
    m_TextureGroup: -1
  - m_Indexes: fd000000fe00000000010000fe000000ff00000000010000fd00000000010000fc000000fc0000000001000001010000fc0000000101000003010000030100000101000002010000
    m_SmoothingGroup: 0
    m_Uv:
      m_UseWorldSpace: 0
      m_FlipU: 0
      m_FlipV: 0
      m_SwapUV: 0
      m_Fill: 1
      m_Scale: {x: 1, y: 1}
      m_Offset: {x: 0, y: 0}
      m_Rotation: 0
      m_Anchor: 9
    m_Material: {fileID: 2100000, guid: c22777d6e868e4f2fb421913386b154e, type: 2}
    m_SubmeshIndex: 0
    m_ManualUV: 0
    elementGroup: 0
    m_TextureGroup: -1
  - m_Indexes: e8000000e9000000ea000000e9000000eb000000ea000000
    m_SmoothingGroup: 0
    m_Uv:
      m_UseWorldSpace: 0
      m_FlipU: 0
      m_FlipV: 0
      m_SwapUV: 0
      m_Fill: 1
      m_Scale: {x: 1, y: 1}
      m_Offset: {x: 0, y: 0}
      m_Rotation: 0
      m_Anchor: 9
    m_Material: {fileID: 0}
    m_SubmeshIndex: 0
    m_ManualUV: 0
    elementGroup: -1
    m_TextureGroup: -1
  - m_Indexes: ec000000ed000000ee000000ed000000ef000000ee000000
    m_SmoothingGroup: 0
    m_Uv:
      m_UseWorldSpace: 0
      m_FlipU: 0
      m_FlipV: 0
      m_SwapUV: 0
      m_Fill: 1
      m_Scale: {x: 1, y: 1}
      m_Offset: {x: 0, y: 0}
      m_Rotation: 0
      m_Anchor: 9
    m_Material: {fileID: 0}
    m_SubmeshIndex: 0
    m_ManualUV: 0
    elementGroup: -1
    m_TextureGroup: -1
  - m_Indexes: f0000000f1000000f2000000f1000000f3000000f2000000
    m_SmoothingGroup: 0
    m_Uv:
      m_UseWorldSpace: 0
      m_FlipU: 0
      m_FlipV: 0
      m_SwapUV: 0
      m_Fill: 1
      m_Scale: {x: 1, y: 1}
      m_Offset: {x: 0, y: 0}
      m_Rotation: 0
      m_Anchor: 9
    m_Material: {fileID: 0}
    m_SubmeshIndex: 0
    m_ManualUV: 0
    elementGroup: -1
    m_TextureGroup: -1
  - m_Indexes: f9000000f4000000f8000000f4000000f5000000f8000000f5000000f7000000f8000000f5000000f6000000f7000000f4000000f9000000fa000000f4000000fa000000fb000000
    m_SmoothingGroup: 0
    m_Uv:
      m_UseWorldSpace: 0
      m_FlipU: 0
      m_FlipV: 0
      m_SwapUV: 0
      m_Fill: 1
      m_Scale: {x: 1, y: 1}
      m_Offset: {x: 0, y: 0}
      m_Rotation: 0
      m_Anchor: 9
    m_Material: {fileID: 2100000, guid: c22777d6e868e4f2fb421913386b154e, type: 2}
    m_SubmeshIndex: 0
    m_ManualUV: 0
    elementGroup: 0
    m_TextureGroup: -1
  - m_Indexes: 0601000007010000050100000501000007010000080100000a0100000b010000040100000a0100000401000009010000090100000401000005010000090100000501000008010000
    m_SmoothingGroup: 0
    m_Uv:
      m_UseWorldSpace: 0
      m_FlipU: 0
      m_FlipV: 0
      m_SwapUV: 0
      m_Fill: 1
      m_Scale: {x: 1, y: 1}
      m_Offset: {x: 0, y: 0}
      m_Rotation: 0
      m_Anchor: 9
    m_Material: {fileID: 2100000, guid: c22777d6e868e4f2fb421913386b154e, type: 2}
    m_SubmeshIndex: 0
    m_ManualUV: 0
    elementGroup: 0
    m_TextureGroup: -1
  m_SharedVertices:
  - m_Vertices: 0000000009000000b9000000c0000000
  - m_Vertices: 0100000030000000b8000000ed000000
  - m_Vertices: 020000000b0000003800000041000000
  - m_Vertices: 03000000320000003900000070000000
  - m_Vertices: 0400000035000000ba000000ef000000
  - m_Vertices: 050000000c000000bb000000c2000000
  - m_Vertices: 06000000370000003c00000075000000
  - m_Vertices: 070000000e0000003d00000044000000
  - m_Vertices: 0800000011000000c1000000c8000000
  - m_Vertices: 0a000000130000004000000049000000
  - m_Vertices: 0d00000014000000c3000000ca000000
  - m_Vertices: 0f00000016000000450000004c000000
  - m_Vertices: 1000000019000000c9000000d0000000
  - m_Vertices: 120000001b0000004800000051000000
  - m_Vertices: 150000001c000000cb000000d2000000
  - m_Vertices: 170000001e0000004d00000054000000
  - m_Vertices: 1800000021000000d1000000d8000000
  - m_Vertices: 1a000000230000005000000059000000
  - m_Vertices: 1d00000024000000d3000000da000000
  - m_Vertices: 1f00000026000000550000005c000000
  - m_Vertices: 2000000029000000d9000000e0000000
  - m_Vertices: 220000002b0000005800000061000000
  - m_Vertices: 250000002c000000db000000e2000000
  - m_Vertices: 270000002e0000005d00000064000000
  - m_Vertices: 28000000e1000000f7000000ff000000
  - m_Vertices: 2a0000006000000069000000f8000000
  - m_Vertices: 2d000000e3000000fe0000000a010000
  - m_Vertices: 2f000000650000006c00000009010000
  - m_Vertices: 31000000ec000000fa00000002010000
  - m_Vertices: 330000006800000071000000f9000000
  - m_Vertices: 34000000ee0000000301000007010000
  - m_Vertices: 360000006d0000007400000008010000
  - m_Vertices: 3a000000430000007800000081000000
  - m_Vertices: 3b0000007200000079000000b0000000
  - m_Vertices: 3e000000770000007c000000b5000000
  - m_Vertices: 3f000000460000007d00000084000000
  - m_Vertices: 420000004b0000008000000089000000
  - m_Vertices: 470000004e000000850000008c000000
  - m_Vertices: 4a000000530000008800000091000000
  - m_Vertices: 4f000000560000008d00000094000000
  - m_Vertices: 520000005b0000009000000099000000
  - m_Vertices: 570000005e000000950000009c000000
  - m_Vertices: 5a0000006300000098000000a1000000
  - m_Vertices: 5f000000660000009d000000a4000000
  - m_Vertices: 620000006b000000a0000000a9000000
  - m_Vertices: 670000006e000000a5000000ac000000
  - m_Vertices: 6a00000073000000a8000000b1000000
  - m_Vertices: 6f00000076000000ad000000b4000000
  - m_Vertices: 7a00000083000000bc000000c5000000
  - m_Vertices: 7b000000b2000000bd000000f0000000
  - m_Vertices: 7e000000b7000000bf000000f2000000
  - m_Vertices: 7f00000086000000be000000c7000000
  - m_Vertices: 820000008b000000c4000000cd000000
  - m_Vertices: 870000008e000000c6000000cf000000
  - m_Vertices: 8a00000093000000cc000000d5000000
  - m_Vertices: 8f00000096000000ce000000d7000000
  - m_Vertices: 920000009b000000d4000000dd000000
  - m_Vertices: 970000009e000000d6000000df000000
  - m_Vertices: 9a000000a3000000dc000000e5000000
  - m_Vertices: 9f000000a6000000de000000e7000000
  - m_Vertices: a2000000ab000000e4000000e9000000
  - m_Vertices: a7000000ae000000e6000000eb000000
  - m_Vertices: aa000000b3000000e8000000f1000000
  - m_Vertices: af000000b6000000ea000000f3000000
  - m_Vertices: f600000000010000
  - m_Vertices: f5000000
  - m_Vertices: f4000000
  - m_Vertices: fb00000001010000
  - m_Vertices: fc00000006010000
  - m_Vertices: 05010000
  - m_Vertices: 04010000
  - m_Vertices: fd0000000b010000
  m_SharedTextures: []
  m_Positions:
  - {x: -0.29289323, y: 0, z: 0.70710677}
  - {x: 0, y: 0, z: 0}
  - {x: -0.29289323, y: 0.6666667, z: 0.70710677}
  - {x: 0, y: 0.6666667, z: 0}
  - {x: -0.25, y: 0, z: 0}
  - {x: -0.46966994, y: 0, z: 0.53033006}
  - {x: -0.25, y: 0.6666667, z: 0}
  - {x: -0.46966994, y: 0.6666667, z: 0.53033006}
  - {x: -1, y: 0, z: 1}
  - {x: -0.29289323, y: 0, z: 0.70710677}
  - {x: -1, y: 0.6666667, z: 1}
  - {x: -0.29289323, y: 0.6666667, z: 0.70710677}
  - {x: -0.46966994, y: 0, z: 0.53033006}
  - {x: -1, y: 0, z: 0.75}
  - {x: -0.46966994, y: 0.6666667, z: 0.53033006}
  - {x: -1, y: 0.6666667, z: 0.75}
  - {x: -1.7071068, y: 0, z: 0.70710677}
  - {x: -1, y: 0, z: 1}
  - {x: -1.7071068, y: 0.6666667, z: 0.70710677}
  - {x: -1, y: 0.6666667, z: 1}
  - {x: -1, y: 0, z: 0.75}
  - {x: -1.5303301, y: 0, z: 0.53033006}
  - {x: -1, y: 0.6666667, z: 0.75}
  - {x: -1.5303301, y: 0.6666667, z: 0.53033006}
  - {x: -2, y: 0, z: -0.00000008742278}
  - {x: -1.7071068, y: 0, z: 0.70710677}
  - {x: -2, y: 0.6666667, z: -0.00000008742278}
  - {x: -1.7071068, y: 0.6666667, z: 0.70710677}
  - {x: -1.5303301, y: 0, z: 0.53033006}
  - {x: -1.75, y: 0, z: -0.00000006556708}
  - {x: -1.5303301, y: 0.6666667, z: 0.53033006}
  - {x: -1.75, y: 0.6666667, z: -0.00000006556708}
  - {x: -1.7071068, y: 0, z: -0.7071067}
  - {x: -2, y: 0, z: -0.00000008742278}
  - {x: -1.7071068, y: 0.6666667, z: -0.7071067}
  - {x: -2, y: 0.6666667, z: -0.00000008742278}
  - {x: -1.75, y: 0, z: -0.00000006556708}
  - {x: -1.5303302, y: 0, z: -0.53033006}
  - {x: -1.75, y: 0.6666667, z: -0.00000006556708}
  - {x: -1.5303302, y: 0.6666667, z: -0.53033006}
  - {x: -1, y: 0, z: -1}
  - {x: -1.7071068, y: 0, z: -0.7071067}
  - {x: -1, y: 0.6666667, z: -1}
  - {x: -1.7071068, y: 0.6666667, z: -0.7071067}
  - {x: -1.5303302, y: 0, z: -0.53033006}
  - {x: -1, y: 0, z: -0.75}
  - {x: -1.5303302, y: 0.6666667, z: -0.53033006}
  - {x: -1, y: 0.6666667, z: -0.75}
  - {x: 0, y: 0, z: 0}
  - {x: -0.29289335, y: 0, z: -0.7071069}
  - {x: 0, y: 0.6666667, z: 0}
  - {x: -0.29289335, y: 0.6666667, z: -0.7071069}
  - {x: -0.46967, y: 0, z: -0.5303302}
  - {x: -0.25, y: 0, z: 0}
  - {x: -0.46967, y: 0.6666667, z: -0.5303302}
  - {x: -0.25, y: 0.6666667, z: 0}
  - {x: -0.29289323, y: 0.6666667, z: 0.70710677}
  - {x: 0, y: 0.6666667, z: 0}
  - {x: -0.29289323, y: 1.3333334, z: 0.70710677}
  - {x: 0, y: 1.3333334, z: 0}
  - {x: -0.25, y: 0.6666667, z: 0}
  - {x: -0.46966994, y: 0.6666667, z: 0.53033006}
  - {x: -0.25, y: 1.3333334, z: 0}
  - {x: -0.46966994, y: 1.3333334, z: 0.53033006}
  - {x: -1, y: 0.6666667, z: 1}
  - {x: -0.29289323, y: 0.6666667, z: 0.70710677}
  - {x: -1, y: 1.3333334, z: 1}
  - {x: -0.29289323, y: 1.3333334, z: 0.70710677}
  - {x: -0.46966994, y: 0.6666667, z: 0.53033006}
  - {x: -1, y: 0.6666667, z: 0.75}
  - {x: -0.46966994, y: 1.3333334, z: 0.53033006}
  - {x: -1, y: 1.3333334, z: 0.75}
  - {x: -1.7071068, y: 0.6666667, z: 0.70710677}
  - {x: -1, y: 0.6666667, z: 1}
  - {x: -1.7071068, y: 1.3333334, z: 0.70710677}
  - {x: -1, y: 1.3333334, z: 1}
  - {x: -1, y: 0.6666667, z: 0.75}
  - {x: -1.5303301, y: 0.6666667, z: 0.53033006}
  - {x: -1, y: 1.3333334, z: 0.75}
  - {x: -1.5303301, y: 1.3333334, z: 0.53033006}
  - {x: -2, y: 0.6666667, z: -0.00000008742278}
  - {x: -1.7071068, y: 0.6666667, z: 0.70710677}
  - {x: -2, y: 1.3333334, z: -0.00000008742278}
  - {x: -1.7071068, y: 1.3333334, z: 0.70710677}
  - {x: -1.5303301, y: 0.6666667, z: 0.53033006}
  - {x: -1.75, y: 0.6666667, z: -0.00000006556708}
  - {x: -1.5303301, y: 1.3333334, z: 0.53033006}
  - {x: -1.75, y: 1.3333334, z: -0.00000006556708}
  - {x: -1.7071068, y: 0.6666667, z: -0.7071067}
  - {x: -2, y: 0.6666667, z: -0.00000008742278}
  - {x: -1.7071068, y: 1.3333334, z: -0.7071067}
  - {x: -2, y: 1.3333334, z: -0.00000008742278}
  - {x: -1.75, y: 0.6666667, z: -0.00000006556708}
  - {x: -1.5303302, y: 0.6666667, z: -0.53033006}
  - {x: -1.75, y: 1.3333334, z: -0.00000006556708}
  - {x: -1.5303302, y: 1.3333334, z: -0.53033006}
  - {x: -1, y: 0.6666667, z: -1}
  - {x: -1.7071068, y: 0.6666667, z: -0.7071067}
  - {x: -1, y: 1.3333334, z: -1}
  - {x: -1.7071068, y: 1.3333334, z: -0.7071067}
  - {x: -1.5303302, y: 0.6666667, z: -0.53033006}
  - {x: -1, y: 0.6666667, z: -0.75}
  - {x: -1.5303302, y: 1.3333334, z: -0.53033006}
  - {x: -1, y: 1.3333334, z: -0.75}
  - {x: -0.29289335, y: 0.6666667, z: -0.7071069}
  - {x: -1, y: 0.6666667, z: -1}
  - {x: -0.29289335, y: 1.3333334, z: -0.7071069}
  - {x: -1, y: 1.3333334, z: -1}
  - {x: -1, y: 0.6666667, z: -0.75}
  - {x: -0.46967, y: 0.6666667, z: -0.5303302}
  - {x: -1, y: 1.3333334, z: -0.75}
  - {x: -0.46967, y: 1.3333334, z: -0.5303302}
  - {x: 0, y: 0.6666667, z: 0}
  - {x: -0.29289335, y: 0.6666667, z: -0.7071069}
  - {x: 0, y: 1.3333334, z: 0}
  - {x: -0.29289335, y: 1.3333334, z: -0.7071069}
  - {x: -0.46967, y: 0.6666667, z: -0.5303302}
  - {x: -0.25, y: 0.6666667, z: 0}
  - {x: -0.46967, y: 1.3333334, z: -0.5303302}
  - {x: -0.25, y: 1.3333334, z: 0}
  - {x: -0.29289323, y: 1.3333334, z: 0.70710677}
  - {x: 0, y: 1.3333334, z: 0}
  - {x: -0.29289323, y: 2, z: 0.70710677}
  - {x: 0, y: 2, z: 0}
  - {x: -0.25, y: 1.3333334, z: 0}
  - {x: -0.46966994, y: 1.3333334, z: 0.53033006}
  - {x: -0.25, y: 2, z: 0}
  - {x: -0.46966994, y: 2, z: 0.53033006}
  - {x: -1, y: 1.3333334, z: 1}
  - {x: -0.29289323, y: 1.3333334, z: 0.70710677}
  - {x: -1, y: 2, z: 1}
  - {x: -0.29289323, y: 2, z: 0.70710677}
  - {x: -0.46966994, y: 1.3333334, z: 0.53033006}
  - {x: -1, y: 1.3333334, z: 0.75}
  - {x: -0.46966994, y: 2, z: 0.53033006}
  - {x: -1, y: 2, z: 0.75}
  - {x: -1.7071068, y: 1.3333334, z: 0.70710677}
  - {x: -1, y: 1.3333334, z: 1}
  - {x: -1.7071068, y: 2, z: 0.70710677}
  - {x: -1, y: 2, z: 1}
  - {x: -1, y: 1.3333334, z: 0.75}
  - {x: -1.5303301, y: 1.3333334, z: 0.53033006}
  - {x: -1, y: 2, z: 0.75}
  - {x: -1.5303301, y: 2, z: 0.53033006}
  - {x: -2, y: 1.3333334, z: -0.00000008742278}
  - {x: -1.7071068, y: 1.3333334, z: 0.70710677}
  - {x: -2, y: 2, z: -0.00000008742278}
  - {x: -1.7071068, y: 2, z: 0.70710677}
  - {x: -1.5303301, y: 1.3333334, z: 0.53033006}
  - {x: -1.75, y: 1.3333334, z: -0.00000006556708}
  - {x: -1.5303301, y: 2, z: 0.53033006}
  - {x: -1.75, y: 2, z: -0.00000006556708}
  - {x: -1.7071068, y: 1.3333334, z: -0.7071067}
  - {x: -2, y: 1.3333334, z: -0.00000008742278}
  - {x: -1.7071068, y: 2, z: -0.7071067}
  - {x: -2, y: 2, z: -0.00000008742278}
  - {x: -1.75, y: 1.3333334, z: -0.00000006556708}
  - {x: -1.5303302, y: 1.3333334, z: -0.53033006}
  - {x: -1.75, y: 2, z: -0.00000006556708}
  - {x: -1.5303302, y: 2, z: -0.53033006}
  - {x: -1, y: 1.3333334, z: -1}
  - {x: -1.7071068, y: 1.3333334, z: -0.7071067}
  - {x: -1, y: 2, z: -1}
  - {x: -1.7071068, y: 2, z: -0.7071067}
  - {x: -1.5303302, y: 1.3333334, z: -0.53033006}
  - {x: -1, y: 1.3333334, z: -0.75}
  - {x: -1.5303302, y: 2, z: -0.53033006}
  - {x: -1, y: 2, z: -0.75}
  - {x: -0.29289335, y: 1.3333334, z: -0.7071069}
  - {x: -1, y: 1.3333334, z: -1}
  - {x: -0.29289335, y: 2, z: -0.7071069}
  - {x: -1, y: 2, z: -1}
  - {x: -1, y: 1.3333334, z: -0.75}
  - {x: -0.46967, y: 1.3333334, z: -0.5303302}
  - {x: -1, y: 2, z: -0.75}
  - {x: -0.46967, y: 2, z: -0.5303302}
  - {x: 0, y: 1.3333334, z: 0}
  - {x: -0.29289335, y: 1.3333334, z: -0.7071069}
  - {x: 0, y: 2, z: 0}
  - {x: -0.29289335, y: 2, z: -0.7071069}
  - {x: -0.46967, y: 1.3333334, z: -0.5303302}
  - {x: -0.25, y: 1.3333334, z: 0}
  - {x: -0.46967, y: 2, z: -0.5303302}
  - {x: -0.25, y: 2, z: 0}
  - {x: 0, y: 0, z: 0}
  - {x: -0.29289323, y: 0, z: 0.70710677}
  - {x: -0.25, y: 0, z: 0}
  - {x: -0.46966994, y: 0, z: 0.53033006}
  - {x: -0.29289323, y: 2, z: 0.70710677}
  - {x: 0, y: 2, z: 0}
  - {x: -0.46966994, y: 2, z: 0.53033006}
  - {x: -0.25, y: 2, z: 0}
  - {x: -0.29289323, y: 0, z: 0.70710677}
  - {x: -1, y: 0, z: 1}
  - {x: -0.46966994, y: 0, z: 0.53033006}
  - {x: -1, y: 0, z: 0.75}
  - {x: -1, y: 2, z: 1}
  - {x: -0.29289323, y: 2, z: 0.70710677}
  - {x: -1, y: 2, z: 0.75}
  - {x: -0.46966994, y: 2, z: 0.53033006}
  - {x: -1, y: 0, z: 1}
  - {x: -1.7071068, y: 0, z: 0.70710677}
  - {x: -1, y: 0, z: 0.75}
  - {x: -1.5303301, y: 0, z: 0.53033006}
  - {x: -1.7071068, y: 2, z: 0.70710677}
  - {x: -1, y: 2, z: 1}
  - {x: -1.5303301, y: 2, z: 0.53033006}
  - {x: -1, y: 2, z: 0.75}
  - {x: -1.7071068, y: 0, z: 0.70710677}
  - {x: -2, y: 0, z: -0.00000008742278}
  - {x: -1.5303301, y: 0, z: 0.53033006}
  - {x: -1.75, y: 0, z: -0.00000006556708}
  - {x: -2, y: 2, z: -0.00000008742278}
  - {x: -1.7071068, y: 2, z: 0.70710677}
  - {x: -1.75, y: 2, z: -0.00000006556708}
  - {x: -1.5303301, y: 2, z: 0.53033006}
  - {x: -2, y: 0, z: -0.00000008742278}
  - {x: -1.7071068, y: 0, z: -0.7071067}
  - {x: -1.75, y: 0, z: -0.00000006556708}
  - {x: -1.5303302, y: 0, z: -0.53033006}
  - {x: -1.7071068, y: 2, z: -0.7071067}
  - {x: -2, y: 2, z: -0.00000008742278}
  - {x: -1.5303302, y: 2, z: -0.53033006}
  - {x: -1.75, y: 2, z: -0.00000006556708}
  - {x: -1.7071068, y: 0, z: -0.7071067}
  - {x: -1, y: 0, z: -1}
  - {x: -1.5303302, y: 0, z: -0.53033006}
  - {x: -1, y: 0, z: -0.75}
  - {x: -1, y: 2, z: -1}
  - {x: -1.7071068, y: 2, z: -0.7071067}
  - {x: -1, y: 2, z: -0.75}
  - {x: -1.5303302, y: 2, z: -0.53033006}
  - {x: -0.29289335, y: 2, z: -0.7071069}
  - {x: -1, y: 2, z: -1}
  - {x: -0.46967, y: 2, z: -0.5303302}
  - {x: -1, y: 2, z: -0.75}
  - {x: -0.29289335, y: 0, z: -0.7071069}
  - {x: 0, y: 0, z: 0}
  - {x: -0.46967, y: 0, z: -0.5303302}
  - {x: -0.25, y: 0, z: 0}
  - {x: 0, y: 2, z: 0}
  - {x: -0.29289335, y: 2, z: -0.7071069}
  - {x: -0.25, y: 2, z: 0}
  - {x: -0.46967, y: 2, z: -0.5303302}
  - {x: -0.66600674, y: 0.09704607, z: -0.86165595}
  - {x: -0.77162415, y: 0.097055644, z: -0.90540415}
  - {x: -0.7693997, y: 0, z: -0.9044827}
  - {x: -1, y: 0, z: -1}
  - {x: -1, y: 0.6666667, z: -1}
  - {x: -0.29289335, y: 0.6666667, z: -0.7071069}
  - {x: -0.29289335, y: 0, z: -0.7071069}
  - {x: -0.6667108, y: 0, z: -0.8619476}
  - {x: -0.75500476, y: 0, z: -0.64851964}
  - {x: -0.8582393, y: 0, z: -0.6912808}
  - {x: -1, y: 0, z: -0.75}
  - {x: -1, y: 0, z: -1}
  - {x: -0.7693997, y: 0, z: -0.9044827}
  - {x: -0.6667108, y: 0, z: -0.8619476}
  - {x: -0.29289335, y: 0, z: -0.7071069}
  - {x: -0.46967, y: 0, z: -0.5303302}
  - {x: -0.859676, y: 0.095660254, z: -0.6918759}
  - {x: -0.75349426, y: 0.09516911, z: -0.64789397}
  - {x: -0.75500476, y: 0, z: -0.64851964}
  - {x: -0.46967, y: 0, z: -0.5303302}
  - {x: -0.46967, y: 0.6666667, z: -0.5303302}
  - {x: -1, y: 0.6666667, z: -0.75}
  - {x: -1, y: 0, z: -0.75}
  - {x: -0.8582393, y: 0, z: -0.6912808}
  m_Textures0:
  - {x: 0.76536685, y: 0}
  - {x: 0, y: 0}
  - {x: 0.76536685, y: 0.6666667}
  - {x: 0, y: 0.6666667}
  - {x: -0.09567087, y: 0}
  - {x: -0.66969603, y: 0}
  - {x: -0.09567087, y: 0.6666667}
  - {x: -0.66969603, y: 0.6666667}
  - {x: 1.3065629, y: 0}
  - {x: 0.5411961, y: 0}
  - {x: 1.3065629, y: 0.6666667}
  - {x: 0.5411961, y: 0.6666667}
  - {x: -0.636867, y: 0}
  - {x: -1.2108921, y: 0}
  - {x: -0.636867, y: 0.6666667}
  - {x: -1.2108921, y: 0.6666667}
  - {x: 1.306563, y: 0}
  - {x: 0.5411961, y: 0}
  - {x: 1.306563, y: 0.6666667}
  - {x: 0.5411961, y: 0.6666667}
  - {x: -0.63686687, y: 0}
  - {x: -1.2108921, y: 0}
  - {x: -0.63686687, y: 0.6666667}
  - {x: -1.2108921, y: 0.6666667}
  - {x: 0.7653668, y: 0}
  - {x: -0.000000105146796, y: 0}
  - {x: 0.7653668, y: 0.6666667}
  - {x: -0.000000105146796, y: 0.6666667}
  - {x: -0.095670894, y: 0}
  - {x: -0.6696961, y: 0}
  - {x: -0.095670894, y: 0.6666667}
  - {x: -0.6696961, y: 0.6666667}
  - {x: -0.00000014469481, y: 0}
  - {x: -0.76536685, y: 0}
  - {x: -0.00000014469481, y: 0.6666667}
  - {x: -0.76536685, y: 0.6666667}
  - {x: 0.66969585, y: 0}
  - {x: 0.09567077, y: 0}
  - {x: 0.66969585, y: 0.6666667}
  - {x: 0.09567077, y: 0.6666667}
  - {x: -0.541196, y: 0}
  - {x: -1.3065629, y: 0}
  - {x: -0.541196, y: 0.6666667}
  - {x: -1.3065629, y: 0.6666667}
  - {x: 1.2108923, y: 0}
  - {x: 0.63686705, y: 0}
  - {x: 1.2108923, y: 0.6666667}
  - {x: 0.63686705, y: 0.6666667}
  - {x: 0, y: 0}
  - {x: -0.765367, y: 0}
  - {x: 0, y: 0.6666667}
  - {x: -0.765367, y: 0.6666667}
  - {x: 0.66969615, y: 0}
  - {x: 0.09567087, y: 0}
  - {x: 0.66969615, y: 0.6666667}
  - {x: 0.09567087, y: 0.6666667}
  - {x: 0.76536685, y: 0.6666667}
  - {x: 0, y: 0.6666667}
  - {x: 0.76536685, y: 1.3333334}
  - {x: 0, y: 1.3333334}
  - {x: -0.09567087, y: 0.6666667}
  - {x: -0.66969603, y: 0.6666667}
  - {x: -0.09567087, y: 1.3333334}
  - {x: -0.66969603, y: 1.3333334}
  - {x: 1.3065629, y: 0.6666667}
  - {x: 0.5411961, y: 0.6666667}
  - {x: 1.3065629, y: 1.3333334}
  - {x: 0.5411961, y: 1.3333334}
  - {x: -0.636867, y: 0.6666667}
  - {x: -1.2108921, y: 0.6666667}
  - {x: -0.636867, y: 1.3333334}
  - {x: -1.2108921, y: 1.3333334}
  - {x: 1.306563, y: 0.6666667}
  - {x: 0.5411961, y: 0.6666667}
  - {x: 1.306563, y: 1.3333334}
  - {x: 0.5411961, y: 1.3333334}
  - {x: -0.63686687, y: 0.6666667}
  - {x: -1.2108921, y: 0.6666667}
  - {x: -0.63686687, y: 1.3333334}
  - {x: -1.2108921, y: 1.3333334}
  - {x: 0.7653668, y: 0.6666667}
  - {x: -0.000000105146796, y: 0.6666667}
  - {x: 0.7653668, y: 1.3333334}
  - {x: -0.000000105146796, y: 1.3333334}
  - {x: -0.095670894, y: 0.6666667}
  - {x: -0.6696961, y: 0.6666667}
  - {x: -0.095670894, y: 1.3333334}
  - {x: -0.6696961, y: 1.3333334}
  - {x: -0.00000014469481, y: 0.6666667}
  - {x: -0.76536685, y: 0.6666667}
  - {x: -0.00000014469481, y: 1.3333334}
  - {x: -0.76536685, y: 1.3333334}
  - {x: 0.66969585, y: 0.6666667}
  - {x: 0.09567077, y: 0.6666667}
  - {x: 0.66969585, y: 1.3333334}
  - {x: 0.09567077, y: 1.3333334}
  - {x: -0.541196, y: 0.6666667}
  - {x: -1.3065629, y: 0.6666667}
  - {x: -0.541196, y: 1.3333334}
  - {x: -1.3065629, y: 1.3333334}
  - {x: 1.2108923, y: 0.6666667}
  - {x: 0.63686705, y: 0.6666667}
  - {x: 1.2108923, y: 1.3333334}
  - {x: 0.63686705, y: 1.3333334}
  - {x: -0.5411962, y: 0.6666667}
  - {x: -1.3065629, y: 0.6666667}
  - {x: -0.5411962, y: 1.3333334}
  - {x: -1.3065629, y: 1.3333334}
  - {x: 1.2108922, y: 0.6666667}
  - {x: 0.6368671, y: 0.6666667}
  - {x: 1.2108922, y: 1.3333334}
  - {x: 0.6368671, y: 1.3333334}
  - {x: 0, y: 0.6666667}
  - {x: -0.765367, y: 0.6666667}
  - {x: 0, y: 1.3333334}
  - {x: -0.765367, y: 1.3333334}
  - {x: 0.66969615, y: 0.6666667}
  - {x: 0.09567087, y: 0.6666667}
  - {x: 0.66969615, y: 1.3333334}
  - {x: 0.09567087, y: 1.3333334}
  - {x: 0.76536685, y: 1.3333334}
  - {x: 0, y: 1.3333334}
  - {x: 0.76536685, y: 2}
  - {x: 0, y: 2}
  - {x: -0.09567087, y: 1.3333334}
  - {x: -0.66969603, y: 1.3333334}
  - {x: -0.09567087, y: 2}
  - {x: -0.66969603, y: 2}
  - {x: 1.3065629, y: 1.3333334}
  - {x: 0.5411961, y: 1.3333334}
  - {x: 1.3065629, y: 2}
  - {x: 0.5411961, y: 2}
  - {x: -0.636867, y: 1.3333334}
  - {x: -1.2108921, y: 1.3333334}
  - {x: -0.636867, y: 2}
  - {x: -1.2108921, y: 2}
  - {x: 1.306563, y: 1.3333334}
  - {x: 0.5411961, y: 1.3333334}
  - {x: 1.306563, y: 2}
  - {x: 0.5411961, y: 2}
  - {x: -0.63686687, y: 1.3333334}
  - {x: -1.2108921, y: 1.3333334}
  - {x: -0.63686687, y: 2}
  - {x: -1.2108921, y: 2}
  - {x: 0.7653668, y: 1.3333334}
  - {x: -0.000000105146796, y: 1.3333334}
  - {x: 0.7653668, y: 2}
  - {x: -0.000000105146796, y: 2}
  - {x: -0.09567092, y: 1.3333334}
  - {x: -0.6696961, y: 1.3333334}
  - {x: -0.09567092, y: 2}
  - {x: -0.6696961, y: 2}
  - {x: -0.000000102547965, y: 1.3333334}
  - {x: -0.76536685, y: 1.3333334}
  - {x: -0.000000102547965, y: 2}
  - {x: -0.76536685, y: 2}
  - {x: 0.6696958, y: 1.3333334}
  - {x: 0.09567075, y: 1.3333334}
  - {x: 0.6696958, y: 2}
  - {x: 0.09567075, y: 2}
  - {x: -0.541196, y: 1.3333334}
  - {x: -1.3065629, y: 1.3333334}
  - {x: -0.541196, y: 2}
  - {x: -1.3065629, y: 2}
  - {x: 1.2108923, y: 1.3333334}
  - {x: 0.63686705, y: 1.3333334}
  - {x: 1.2108923, y: 2}
  - {x: 0.63686705, y: 2}
  - {x: -0.5411962, y: 1.3333334}
  - {x: -1.3065629, y: 1.3333334}
  - {x: -0.5411962, y: 2}
  - {x: -1.3065629, y: 2}
  - {x: 1.2108921, y: 1.3333334}
  - {x: 0.63686705, y: 1.3333334}
  - {x: 1.2108921, y: 2}
  - {x: 0.63686705, y: 2}
  - {x: 0, y: 1.3333334}
  - {x: -0.765367, y: 1.3333334}
  - {x: 0, y: 2}
  - {x: -0.765367, y: 2}
  - {x: 0.66969615, y: 1.3333334}
  - {x: 0.09567088, y: 1.3333334}
  - {x: 0.66969615, y: 2}
  - {x: 0.09567088, y: 2}
  - {x: 0, y: 0}
  - {x: 0.29289323, y: 0.70710677}
  - {x: 0.25, y: 0}
  - {x: 0.46966994, y: 0.53033006}
  - {x: -0.29289323, y: 0.70710677}
  - {x: 0, y: 0}
  - {x: -0.46966994, y: 0.53033006}
  - {x: -0.25, y: 0}
  - {x: 0.29289323, y: 0.70710677}
  - {x: 1, y: 1}
  - {x: 0.46966994, y: 0.53033006}
  - {x: 1, y: 0.75}
  - {x: -1, y: 1}
  - {x: -0.29289323, y: 0.70710677}
  - {x: -1, y: 0.75}
  - {x: -0.46966994, y: 0.53033006}
  - {x: 1, y: 1}
  - {x: 1.7071068, y: 0.70710677}
  - {x: 1, y: 0.75}
  - {x: 1.5303301, y: 0.53033006}
  - {x: -1.7071068, y: 0.70710677}
  - {x: -1, y: 1}
  - {x: -1.5303301, y: 0.53033006}
  - {x: -1, y: 0.75}
  - {x: 1.7071068, y: 0.70710677}
  - {x: 2, y: -0.00000008742278}
  - {x: 1.5303301, y: 0.53033006}
  - {x: 1.75, y: -0.00000006556708}
  - {x: -2, y: -0.00000008742278}
  - {x: -1.7071068, y: 0.70710677}
  - {x: -1.75, y: -0.00000006556708}
  - {x: -1.5303301, y: 0.53033006}
  - {x: 2, y: -0.00000008742278}
  - {x: 1.7071068, y: -0.7071067}
  - {x: 1.75, y: -0.00000006556708}
  - {x: 1.5303302, y: -0.53033006}
  - {x: -1.7071068, y: -0.7071067}
  - {x: -2, y: -0.00000008742278}
  - {x: -1.5303302, y: -0.53033006}
  - {x: -1.75, y: -0.00000006556708}
  - {x: 1.7071068, y: -0.7071067}
  - {x: 1, y: -1}
  - {x: 1.5303302, y: -0.53033006}
  - {x: 1, y: -0.75}
  - {x: -1, y: -1}
  - {x: -1.7071068, y: -0.7071067}
  - {x: -1, y: -0.75}
  - {x: -1.5303302, y: -0.53033006}
  - {x: -0.29289335, y: -0.7071069}
  - {x: -1, y: -1}
  - {x: -0.46967, y: -0.5303302}
  - {x: -1, y: -0.75}
  - {x: 0.29289335, y: -0.7071069}
  - {x: 0, y: 0}
  - {x: 0.46967, y: -0.5303302}
  - {x: 0.25, y: 0}
  - {x: 0, y: 0}
  - {x: -0.29289335, y: -0.7071069}
  - {x: -0.25, y: 0}
  - {x: -0.46967, y: -0.5303302}
  - {x: -0.94505143, y: 0.097045854}
  - {x: -1.0593709, y: 0.09705543}
  - {x: -1.0569632, y: -0.00000021743396}
  - {x: -1.3065629, y: -0.00000021743378}
  - {x: -1.3065629, y: 0.66666645}
  - {x: -0.5411963, y: 0.66666645}
  - {x: -0.5411963, y: -0.00000021743382}
  - {x: -0.94581354, y: -0.00000021743398}
  - {x: 0.75500476, y: -0.64851964}
  - {x: 0.8582393, y: -0.6912808}
  - {x: 1, y: -0.75}
  - {x: 1, y: -1}
  - {x: 0.7693997, y: -0.9044827}
  - {x: 0.6667108, y: -0.8619476}
  - {x: 0.29289335, y: -0.7071069}
  - {x: 0.46967, y: -0.5303302}
  - {x: 1.0590065, y: 0.09566026}
  - {x: 0.9440762, y: 0.09516912}
  - {x: 0.94571114, y: 0.000000009415514}
  - {x: 0.63686705, y: 0.000000009415515}
  - {x: 0.63686705, y: 0.6666667}
  - {x: 1.2108921, y: 0.6666667}
  - {x: 1.2108921, y: 0.000000009415515}
  - {x: 1.0574514, y: 0.000000009415514}
  m_Textures2: []
  m_Textures3: []
  m_Tangents:
  - {x: -0.38268346, y: 0, z: 0.92387956, w: -1}
  - {x: -0.38268346, y: 0, z: 0.92387956, w: -1}
  - {x: -0.38268346, y: 0, z: 0.92387956, w: -1}
  - {x: -0.38268346, y: 0, z: 0.92387956, w: -1}
  - {x: 0.3826835, y: 0, z: -0.9238795, w: -1}
  - {x: 0.3826835, y: 0, z: -0.9238795, w: -1}
  - {x: 0.3826835, y: 0, z: -0.9238795, w: -1}
  - {x: 0.3826835, y: 0, z: -0.9238795, w: -1}
  - {x: -0.9238795, y: 0, z: 0.38268346, w: -1}
  - {x: -0.9238795, y: 0, z: 0.38268346, w: -1}
  - {x: -0.9238795, y: 0, z: 0.38268346, w: -1}
  - {x: -0.9238795, y: 0, z: 0.38268346, w: -1}
  - {x: 0.92387956, y: 0, z: -0.38268352, w: -1}
  - {x: 0.92387956, y: 0, z: -0.38268352, w: -1}
  - {x: 0.92387956, y: 0, z: -0.38268352, w: -1}
  - {x: 0.92387956, y: 0, z: -0.38268352, w: -1}
  - {x: -0.9238795, y: 0, z: -0.38268346, w: -1}
  - {x: -0.9238795, y: 0, z: -0.38268346, w: -1}
  - {x: -0.9238795, y: 0, z: -0.38268346, w: -1}
  - {x: -0.9238795, y: 0, z: -0.38268346, w: -1}
  - {x: 0.92387956, y: 0, z: 0.3826835, w: -1}
  - {x: 0.92387956, y: 0, z: 0.3826835, w: -1}
  - {x: 0.92387956, y: 0, z: 0.3826835, w: -1}
  - {x: 0.92387956, y: 0, z: 0.3826835, w: -1}
  - {x: -0.38268337, y: 0, z: -0.92387956, w: -1}
  - {x: -0.38268337, y: 0, z: -0.92387956, w: -1}
  - {x: -0.38268337, y: 0, z: -0.92387956, w: -1}
  - {x: -0.38268337, y: 0, z: -0.92387956, w: -1}
  - {x: 0.38268346, y: 0, z: 0.9238795, w: -1}
  - {x: 0.38268346, y: 0, z: 0.9238795, w: -1}
  - {x: 0.38268346, y: 0, z: 0.9238795, w: -1}
  - {x: 0.38268346, y: 0, z: 0.9238795, w: -1}
  - {x: 0.38268346, y: 0, z: -0.9238795, w: -1}
  - {x: 0.38268346, y: 0, z: -0.9238795, w: -1}
  - {x: 0.38268346, y: 0, z: -0.9238795, w: -1}
  - {x: 0.38268346, y: 0, z: -0.9238795, w: -1}
  - {x: -0.38268337, y: 0, z: 0.92387956, w: -1}
  - {x: -0.38268337, y: 0, z: 0.92387956, w: -1}
  - {x: -0.38268337, y: 0, z: 0.92387956, w: -1}
  - {x: -0.38268337, y: 0, z: 0.92387956, w: -1}
  - {x: 0.9238795, y: 0, z: -0.3826835, w: -1}
  - {x: 0.9238795, y: 0, z: -0.3826835, w: -1}
  - {x: 0.9238795, y: 0, z: -0.3826835, w: -1}
  - {x: 0.9238795, y: 0, z: -0.3826835, w: -1}
  - {x: -0.92387956, y: 0, z: 0.38268343, w: -1}
  - {x: -0.92387956, y: 0, z: 0.38268343, w: -1}
  - {x: -0.92387956, y: 0, z: 0.38268343, w: -1}
  - {x: -0.92387956, y: 0, z: 0.38268343, w: -1}
  - {x: 0.38268355, y: 0, z: 0.92387956, w: -1}
  - {x: 0.38268355, y: 0, z: 0.92387956, w: -1}
  - {x: 0.38268355, y: 0, z: 0.92387956, w: -1}
  - {x: 0.38268355, y: 0, z: 0.92387956, w: -1}
  - {x: -0.3826835, y: 0, z: -0.9238795, w: -1}
  - {x: -0.3826835, y: 0, z: -0.9238795, w: -1}
  - {x: -0.3826835, y: 0, z: -0.9238795, w: -1}
  - {x: -0.3826835, y: 0, z: -0.9238795, w: -1}
  - {x: -0.38268346, y: 0, z: 0.92387956, w: -1}
  - {x: -0.38268346, y: 0, z: 0.92387956, w: -1}
  - {x: -0.38268346, y: 0, z: 0.92387956, w: -1}
  - {x: -0.38268346, y: 0, z: 0.92387956, w: -1}
  - {x: 0.3826835, y: 0, z: -0.9238795, w: -1}
  - {x: 0.3826835, y: 0, z: -0.9238795, w: -1}
  - {x: 0.3826835, y: 0, z: -0.9238795, w: -1}
  - {x: 0.3826835, y: 0, z: -0.9238795, w: -1}
  - {x: -0.9238795, y: 0, z: 0.38268346, w: -1}
  - {x: -0.9238795, y: 0, z: 0.38268346, w: -1}
  - {x: -0.9238795, y: 0, z: 0.38268346, w: -1}
  - {x: -0.9238795, y: 0, z: 0.38268346, w: -1}
  - {x: 0.92387956, y: 0, z: -0.38268352, w: -1}
  - {x: 0.92387956, y: 0, z: -0.38268352, w: -1}
  - {x: 0.92387956, y: 0, z: -0.38268352, w: -1}
  - {x: 0.92387956, y: 0, z: -0.38268352, w: -1}
  - {x: -0.9238795, y: 0, z: -0.38268346, w: -1}
  - {x: -0.9238795, y: 0, z: -0.38268346, w: -1}
  - {x: -0.9238795, y: 0, z: -0.38268346, w: -1}
  - {x: -0.9238795, y: 0, z: -0.38268346, w: -1}
  - {x: 0.92387956, y: 0, z: 0.3826835, w: -1}
  - {x: 0.92387956, y: 0, z: 0.3826835, w: -1}
  - {x: 0.92387956, y: 0, z: 0.3826835, w: -1}
  - {x: 0.92387956, y: 0, z: 0.3826835, w: -1}
  - {x: -0.38268337, y: 0, z: -0.92387956, w: -1}
  - {x: -0.38268337, y: 0, z: -0.92387956, w: -1}
  - {x: -0.38268337, y: 0, z: -0.92387956, w: -1}
  - {x: -0.38268337, y: 0, z: -0.92387956, w: -1}
  - {x: 0.38268346, y: 0, z: 0.9238795, w: -1}
  - {x: 0.38268346, y: 0, z: 0.9238795, w: -1}
  - {x: 0.38268346, y: 0, z: 0.9238795, w: -1}
  - {x: 0.38268346, y: 0, z: 0.9238795, w: -1}
  - {x: 0.38268346, y: 0, z: -0.9238795, w: -1}
  - {x: 0.38268346, y: 0, z: -0.9238795, w: -1}
  - {x: 0.38268346, y: 0, z: -0.9238795, w: -1}
  - {x: 0.38268346, y: 0, z: -0.9238795, w: -1}
  - {x: -0.38268337, y: 0, z: 0.92387956, w: -1}
  - {x: -0.38268337, y: 0, z: 0.92387956, w: -1}
  - {x: -0.38268337, y: 0, z: 0.92387956, w: -1}
  - {x: -0.38268337, y: 0, z: 0.92387956, w: -1}
  - {x: 0.9238795, y: 0, z: -0.3826835, w: -1}
  - {x: 0.9238795, y: 0, z: -0.3826835, w: -1}
  - {x: 0.9238795, y: 0, z: -0.3826835, w: -1}
  - {x: 0.9238795, y: 0, z: -0.3826835, w: -1}
  - {x: -0.92387956, y: 0, z: 0.38268343, w: -1}
  - {x: -0.92387956, y: 0, z: 0.38268343, w: -1}
  - {x: -0.92387956, y: 0, z: 0.38268343, w: -1}
  - {x: -0.92387956, y: 0, z: 0.38268343, w: -1}
  - {x: 0.92387956, y: 0, z: 0.38268337, w: -1}
  - {x: 0.92387956, y: 0, z: 0.38268337, w: -1}
  - {x: 0.92387956, y: 0, z: 0.38268337, w: -1}
  - {x: 0.92387956, y: 0, z: 0.38268337, w: -1}
  - {x: -0.92387956, y: 0, z: -0.38268337, w: -1}
  - {x: -0.92387956, y: 0, z: -0.38268337, w: -1}
  - {x: -0.92387956, y: 0, z: -0.38268337, w: -1}
  - {x: -0.92387956, y: 0, z: -0.38268337, w: -1}
  - {x: 0.38268355, y: 0, z: 0.92387956, w: -1}
  - {x: 0.38268355, y: 0, z: 0.92387956, w: -1}
  - {x: 0.38268355, y: 0, z: 0.92387956, w: -1}
  - {x: 0.38268355, y: 0, z: 0.92387956, w: -1}
  - {x: -0.3826835, y: 0, z: -0.9238795, w: -1}
  - {x: -0.3826835, y: 0, z: -0.9238795, w: -1}
  - {x: -0.3826835, y: 0, z: -0.9238795, w: -1}
  - {x: -0.3826835, y: 0, z: -0.9238795, w: -1}
  - {x: -0.38268346, y: 0, z: 0.9238795, w: -1}
  - {x: -0.38268346, y: 0, z: 0.9238795, w: -1}
  - {x: -0.38268346, y: 0, z: 0.9238795, w: -1}
  - {x: -0.38268346, y: 0, z: 0.9238795, w: -1}
  - {x: 0.38268346, y: 0, z: -0.9238795, w: -1}
  - {x: 0.38268346, y: 0, z: -0.9238795, w: -1}
  - {x: 0.38268346, y: 0, z: -0.9238795, w: -1}
  - {x: 0.38268346, y: 0, z: -0.9238795, w: -1}
  - {x: -0.92387956, y: 0, z: 0.3826835, w: -1}
  - {x: -0.92387956, y: 0, z: 0.3826835, w: -1}
  - {x: -0.92387956, y: 0, z: 0.3826835, w: -1}
  - {x: -0.92387956, y: 0, z: 0.3826835, w: -1}
  - {x: 0.92387956, y: 0, z: -0.38268352, w: -1}
  - {x: 0.92387956, y: 0, z: -0.38268352, w: -1}
  - {x: 0.92387956, y: 0, z: -0.38268352, w: -1}
  - {x: 0.92387956, y: 0, z: -0.38268352, w: -1}
  - {x: -0.92387956, y: 0, z: -0.38268346, w: -1}
  - {x: -0.92387956, y: 0, z: -0.38268346, w: -1}
  - {x: -0.92387956, y: 0, z: -0.38268346, w: -1}
  - {x: -0.92387956, y: 0, z: -0.38268346, w: -1}
  - {x: 0.92387956, y: 0, z: 0.3826835, w: -1}
  - {x: 0.92387956, y: 0, z: 0.3826835, w: -1}
  - {x: 0.92387956, y: 0, z: 0.3826835, w: -1}
  - {x: 0.92387956, y: 0, z: 0.3826835, w: -1}
  - {x: -0.38268337, y: 0, z: -0.92387956, w: -1}
  - {x: -0.38268337, y: 0, z: -0.92387956, w: -1}
  - {x: -0.38268337, y: 0, z: -0.92387956, w: -1}
  - {x: -0.38268337, y: 0, z: -0.92387956, w: -1}
  - {x: 0.38268346, y: 0, z: 0.92387956, w: -1}
  - {x: 0.38268346, y: 0, z: 0.92387956, w: -1}
  - {x: 0.38268346, y: 0, z: 0.92387956, w: -1}
  - {x: 0.38268346, y: 0, z: 0.92387956, w: -1}
  - {x: 0.38268346, y: 0, z: -0.92387956, w: -1}
  - {x: 0.38268346, y: 0, z: -0.92387956, w: -1}
  - {x: 0.38268346, y: 0, z: -0.92387956, w: -1}
  - {x: 0.38268346, y: 0, z: -0.92387956, w: -1}
  - {x: -0.38268334, y: 0, z: 0.92387956, w: -1}
  - {x: -0.38268334, y: 0, z: 0.92387956, w: -1}
  - {x: -0.38268334, y: 0, z: 0.92387956, w: -1}
  - {x: -0.38268334, y: 0, z: 0.92387956, w: -1}
  - {x: 0.92387956, y: 0, z: -0.38268352, w: -1}
  - {x: 0.92387956, y: 0, z: -0.38268352, w: -1}
  - {x: 0.92387956, y: 0, z: -0.38268352, w: -1}
  - {x: 0.92387956, y: 0, z: -0.38268352, w: -1}
  - {x: -0.92387956, y: 0, z: 0.38268343, w: -1}
  - {x: -0.92387956, y: 0, z: 0.38268343, w: -1}
  - {x: -0.92387956, y: 0, z: 0.38268343, w: -1}
  - {x: -0.92387956, y: 0, z: 0.38268343, w: -1}
  - {x: 0.9238796, y: 0, z: 0.3826834, w: -1}
  - {x: 0.9238796, y: 0, z: 0.3826834, w: -1}
  - {x: 0.9238796, y: 0, z: 0.3826834, w: -1}
  - {x: 0.9238796, y: 0, z: 0.3826834, w: -1}
  - {x: -0.92387956, y: 0, z: -0.38268334, w: -1}
  - {x: -0.92387956, y: 0, z: -0.38268334, w: -1}
  - {x: -0.92387956, y: 0, z: -0.38268334, w: -1}
  - {x: -0.92387956, y: 0, z: -0.38268334, w: -1}
  - {x: 0.38268355, y: 0, z: 0.9238795, w: -1}
  - {x: 0.38268355, y: 0, z: 0.9238795, w: -1}
  - {x: 0.38268355, y: 0, z: 0.9238795, w: -1}
  - {x: 0.38268355, y: 0, z: 0.9238795, w: -1}
  - {x: -0.38268352, y: 0, z: -0.9238795, w: -1}
  - {x: -0.38268352, y: 0, z: -0.9238795, w: -1}
  - {x: -0.38268352, y: 0, z: -0.9238795, w: -1}
  - {x: -0.38268352, y: 0, z: -0.9238795, w: -1}
  - {x: -1, y: 0, z: 0, w: -1}
  - {x: -1, y: 0, z: 0, w: -1}
  - {x: -1, y: 0, z: 0, w: -1}
  - {x: -1, y: 0, z: 0, w: -1}
  - {x: 1, y: 0, z: 0, w: -1}
  - {x: 1, y: 0, z: 0, w: -1}
  - {x: 1, y: 0, z: 0, w: -1}
  - {x: 1, y: 0, z: 0, w: -1}
  - {x: -1, y: 0, z: 0, w: -1}
  - {x: -1, y: 0, z: 0, w: -1}
  - {x: -1, y: 0, z: 0, w: -1}
  - {x: -1, y: 0, z: 0, w: -1}
  - {x: 1, y: 0, z: 0, w: -1}
  - {x: 1, y: 0, z: 0, w: -1}
  - {x: 1, y: 0, z: 0, w: -1}
  - {x: 1, y: 0, z: 0, w: -1}
  - {x: -1, y: 0, z: 0, w: -1}
  - {x: -1, y: 0, z: 0, w: -1}
  - {x: -1, y: 0, z: 0, w: -1}
  - {x: -1, y: 0, z: 0, w: -1}
  - {x: 1, y: 0, z: 0, w: -1}
  - {x: 1, y: 0, z: 0, w: -1}
  - {x: 1, y: 0, z: 0, w: -1}
  - {x: 1, y: 0, z: 0, w: -1}
  - {x: -1, y: 0, z: 0, w: -1}
  - {x: -1, y: 0, z: 0, w: -1}
  - {x: -1, y: 0, z: 0, w: -1}
  - {x: -1, y: 0, z: 0, w: -1}
  - {x: 1, y: 0, z: 0, w: -1}
  - {x: 1, y: 0, z: 0, w: -1}
  - {x: 1, y: 0, z: 0, w: -1}
  - {x: 1, y: 0, z: 0, w: -1}
  - {x: -1, y: 0, z: 0, w: -1}
  - {x: -1, y: 0, z: 0, w: -1}
  - {x: -1, y: 0, z: 0, w: -1}
  - {x: -1, y: 0, z: 0, w: -1}
  - {x: 1, y: 0, z: 0, w: -1}
  - {x: 1, y: 0, z: 0, w: -1}
  - {x: 1, y: 0, z: 0, w: -1}
  - {x: 1, y: 0, z: 0, w: -1}
  - {x: -1, y: 0, z: 0, w: -1}
  - {x: -1, y: 0, z: 0, w: -1}
  - {x: -1, y: 0, z: 0, w: -1}
  - {x: -1, y: 0, z: 0, w: -1}
  - {x: 1, y: 0, z: 0, w: -1}
  - {x: 1, y: 0, z: 0, w: -1}
  - {x: 1, y: 0, z: 0, w: -1}
  - {x: 1, y: 0, z: 0, w: -1}
  - {x: 1, y: 0, z: 0, w: -1}
  - {x: 1, y: 0, z: 0, w: -1}
  - {x: 1, y: 0, z: 0, w: -1}
  - {x: 1, y: 0, z: 0, w: -1}
  - {x: -1, y: 0, z: 0, w: -1}
  - {x: -1, y: 0, z: 0, w: -1}
  - {x: -1, y: 0, z: 0, w: -1}
  - {x: -1, y: 0, z: 0, w: -1}
  - {x: 1, y: 0, z: 0, w: -1}
  - {x: 1, y: 0, z: 0, w: -1}
  - {x: 1, y: 0, z: 0, w: -1}
  - {x: 1, y: 0, z: 0, w: -1}
  - {x: 0.9238794, y: 1.4198395e-14, z: 0.38268396, w: -1}
  - {x: 0.92388, y: -0.000000011701361, z: 0.38268235, w: -1}
  - {x: 0.9238803, y: 1.064666e-14, z: 0.3826818, w: -1}
  - {x: 0.9238802, y: -0.000000017552031, z: 0.3826817, w: -1}
  - {x: 0.9238798, y: -0.00000001170134, z: 0.3826829, w: -1}
  - {x: 0.9238793, y: 0, z: 0.3826838, w: -1}
  - {x: 0.9238792, y: 2.495183e-15, z: 0.38268435, w: -1}
  - {x: 0.92387915, y: 0, z: 0.38268438, w: -1}
  - {x: -1, y: 0, z: 0, w: -1}
  - {x: -1, y: 0, z: 0, w: -1}
  - {x: -1, y: 0, z: 0, w: -1}
  - {x: -1, y: 0, z: 0, w: -1}
  - {x: -1, y: 0, z: 0, w: -1}
  - {x: -1, y: 0, z: 0, w: -1}
  - {x: -1, y: 0, z: 0, w: -1}
  - {x: -1, y: 0, z: 0, w: -1}
  - {x: -0.92387956, y: -1.9294716e-15, z: -0.38268346, w: -1}
  - {x: -0.9238796, y: 7.1895373e-16, z: -0.38268328, w: -1}
  - {x: -0.9238797, y: 2.7614396e-15, z: -0.38268322, w: -1}
  - {x: -0.9238796, y: 1.4379075e-15, z: -0.38268322, w: -1}
  - {x: -0.9238796, y: 0, z: -0.38268328, w: -1}
  - {x: -0.92387956, y: 1.6191724e-15, z: -0.3826834, w: -1}
  - {x: -0.9238795, y: -2.8942076e-15, z: -0.38268352, w: -1}
  - {x: -0.92387956, y: -5.7884152e-15, z: -0.3826835, w: -1}
  m_Colors: []
  m_UnwrapParameters:
    m_HardAngle: 88
    m_PackMargin: 20
    m_AngleError: 8
    m_AreaError: 15
  m_PreserveMeshAssetOnDestroy: 0
  assetGuid: 
  m_Mesh: {fileID: 0}
  m_VersionIndex: 634
  m_IsSelectable: 1
  m_SelectedFaces: 
  m_SelectedEdges: []
  m_SelectedVertices: 
--- !u!23 &3902299997684215010
MeshRenderer:
  m_ObjectHideFlags: 0
  m_CorrespondingSourceObject: {fileID: 0}
  m_PrefabInstance: {fileID: 0}
  m_PrefabAsset: {fileID: 0}
  m_GameObject: {fileID: 3902299997684215009}
  m_Enabled: 1
  m_CastShadows: 1
  m_ReceiveShadows: 1
  m_DynamicOccludee: 1
  m_StaticShadowCaster: 0
  m_MotionVectors: 1
  m_LightProbeUsage: 1
  m_ReflectionProbeUsage: 1
  m_RayTracingMode: 2
  m_RayTraceProcedural: 0
  m_RenderingLayerMask: 1
  m_RendererPriority: 0
  m_Materials:
  - {fileID: 2100000, guid: c22777d6e868e4f2fb421913386b154e, type: 2}
  m_StaticBatchInfo:
    firstSubMesh: 0
    subMeshCount: 0
  m_StaticBatchRoot: {fileID: 0}
  m_ProbeAnchor: {fileID: 0}
  m_LightProbeVolumeOverride: {fileID: 0}
  m_ScaleInLightmap: 1
  m_ReceiveGI: 1
  m_PreserveUVs: 0
  m_IgnoreNormalsForChartDetection: 0
  m_ImportantGI: 0
  m_StitchLightmapSeams: 1
  m_SelectedEditorRenderState: 2
  m_MinimumChartSize: 4
  m_AutoUVMaxDistance: 0.5
  m_AutoUVMaxAngle: 89
  m_LightmapParameters: {fileID: 0}
  m_SortingLayerID: 0
  m_SortingLayer: 0
  m_SortingOrder: 0
  m_AdditionalVertexStreams: {fileID: 0}
--- !u!33 &3902299997684215011
MeshFilter:
  m_ObjectHideFlags: 0
  m_CorrespondingSourceObject: {fileID: 0}
  m_PrefabInstance: {fileID: 0}
  m_PrefabAsset: {fileID: 0}
  m_GameObject: {fileID: 3902299997684215009}
  m_Mesh: {fileID: 0}
--- !u!64 &3902299997684215008
MeshCollider:
  m_ObjectHideFlags: 0
  m_CorrespondingSourceObject: {fileID: 0}
  m_PrefabInstance: {fileID: 0}
  m_PrefabAsset: {fileID: 0}
  m_GameObject: {fileID: 3902299997684215009}
  m_Material: {fileID: 0}
  m_IsTrigger: 0
  m_Enabled: 1
  serializedVersion: 4
  m_Convex: 0
  m_CookingOptions: 30
  m_Mesh: {fileID: 0}
--- !u!1 &3902299997713580544
GameObject:
  m_ObjectHideFlags: 0
  m_CorrespondingSourceObject: {fileID: 0}
  m_PrefabInstance: {fileID: 0}
  m_PrefabAsset: {fileID: 0}
  serializedVersion: 6
  m_Component:
  - component: {fileID: 3902299997713580671}
  - component: {fileID: 3902299997713580668}
  - component: {fileID: 3902299997713580669}
  - component: {fileID: 3902299997713580546}
  - component: {fileID: 3902299997713580547}
  m_Layer: 0
  m_Name: Door
  m_TagString: Untagged
  m_Icon: {fileID: 0}
  m_NavMeshLayer: 0
  m_StaticEditorFlags: 0
  m_IsActive: 1
--- !u!4 &3902299997713580671
Transform:
  m_ObjectHideFlags: 0
  m_CorrespondingSourceObject: {fileID: 0}
  m_PrefabInstance: {fileID: 0}
  m_PrefabAsset: {fileID: 0}
  m_GameObject: {fileID: 3902299997713580544}
  m_LocalRotation: {x: -0, y: -0, z: -0, w: 1}
  m_LocalPosition: {x: 0, y: 0, z: 0}
  m_LocalScale: {x: 1, y: 1, z: 1}
  m_ConstrainProportionsScale: 0
  m_Children: []
  m_Father: {fileID: 3902299998264058644}
  m_RootOrder: 1
  m_LocalEulerAnglesHint: {x: 0, y: 0, z: 0}
--- !u!114 &3902299997713580668
MonoBehaviour:
  m_ObjectHideFlags: 0
  m_CorrespondingSourceObject: {fileID: 0}
  m_PrefabInstance: {fileID: 0}
  m_PrefabAsset: {fileID: 0}
  m_GameObject: {fileID: 3902299997713580544}
  m_Enabled: 1
  m_EditorHideFlags: 0
  m_Script: {fileID: 11500000, guid: 8233d90336aea43098adf6dbabd606a2, type: 3}
  m_Name: 
  m_EditorClassIdentifier: 
  m_MeshFormatVersion: 2
  m_Faces:
  - m_Indexes: 000000000100000002000000010000000300000002000000
    m_SmoothingGroup: 0
    m_Uv:
      m_UseWorldSpace: 0
      m_FlipU: 0
      m_FlipV: 0
      m_SwapUV: 0
      m_Fill: 1
      m_Scale: {x: 1, y: 1}
      m_Offset: {x: 0, y: 0}
      m_Rotation: 0
      m_Anchor: 9
    m_Material: {fileID: 0}
    m_SubmeshIndex: 0
    m_ManualUV: 0
    elementGroup: -1
    m_TextureGroup: -1
  - m_Indexes: 040000000500000006000000050000000700000006000000
    m_SmoothingGroup: 0
    m_Uv:
      m_UseWorldSpace: 0
      m_FlipU: 0
      m_FlipV: 0
      m_SwapUV: 0
      m_Fill: 1
      m_Scale: {x: 1, y: 1}
      m_Offset: {x: 0, y: 0}
      m_Rotation: 0
      m_Anchor: 9
    m_Material: {fileID: 0}
    m_SubmeshIndex: 0
    m_ManualUV: 0
    elementGroup: -1
    m_TextureGroup: -1
  - m_Indexes: 08000000090000000a000000090000000b0000000a000000
    m_SmoothingGroup: 0
    m_Uv:
      m_UseWorldSpace: 0
      m_FlipU: 0
      m_FlipV: 0
      m_SwapUV: 0
      m_Fill: 1
      m_Scale: {x: 1, y: 1}
      m_Offset: {x: 0, y: 0}
      m_Rotation: 0
      m_Anchor: 9
    m_Material: {fileID: 0}
    m_SubmeshIndex: 0
    m_ManualUV: 0
    elementGroup: -1
    m_TextureGroup: -1
  - m_Indexes: 0c0000000d0000000e0000000d0000000f0000000e000000
    m_SmoothingGroup: 0
    m_Uv:
      m_UseWorldSpace: 0
      m_FlipU: 0
      m_FlipV: 0
      m_SwapUV: 0
      m_Fill: 1
      m_Scale: {x: 1, y: 1}
      m_Offset: {x: 0, y: 0}
      m_Rotation: 0
      m_Anchor: 9
    m_Material: {fileID: 0}
    m_SubmeshIndex: 0
    m_ManualUV: 0
    elementGroup: -1
    m_TextureGroup: -1
  - m_Indexes: 100000001100000012000000110000001300000012000000
    m_SmoothingGroup: 0
    m_Uv:
      m_UseWorldSpace: 0
      m_FlipU: 0
      m_FlipV: 0
      m_SwapUV: 0
      m_Fill: 1
      m_Scale: {x: 1, y: 1}
      m_Offset: {x: 0, y: 0}
      m_Rotation: 0
      m_Anchor: 9
    m_Material: {fileID: 0}
    m_SubmeshIndex: 0
    m_ManualUV: 0
    elementGroup: -1
    m_TextureGroup: -1
  - m_Indexes: 140000001500000016000000150000001700000016000000
    m_SmoothingGroup: 0
    m_Uv:
      m_UseWorldSpace: 0
      m_FlipU: 0
      m_FlipV: 0
      m_SwapUV: 0
      m_Fill: 1
      m_Scale: {x: 1, y: 1}
      m_Offset: {x: 0, y: 0}
      m_Rotation: 0
      m_Anchor: 9
    m_Material: {fileID: 0}
    m_SubmeshIndex: 0
    m_ManualUV: 0
    elementGroup: -1
    m_TextureGroup: -1
  - m_Indexes: 18000000190000001a000000190000001b0000001a000000
    m_SmoothingGroup: 0
    m_Uv:
      m_UseWorldSpace: 0
      m_FlipU: 0
      m_FlipV: 0
      m_SwapUV: 0
      m_Fill: 1
      m_Scale: {x: 1, y: 1}
      m_Offset: {x: 0, y: 0}
      m_Rotation: 0
      m_Anchor: 9
    m_Material: {fileID: 0}
    m_SubmeshIndex: 0
    m_ManualUV: 0
    elementGroup: -1
    m_TextureGroup: -1
  - m_Indexes: 1c0000001d0000001e0000001d0000001f0000001e000000
    m_SmoothingGroup: 0
    m_Uv:
      m_UseWorldSpace: 0
      m_FlipU: 0
      m_FlipV: 0
      m_SwapUV: 0
      m_Fill: 1
      m_Scale: {x: 1, y: 1}
      m_Offset: {x: 0, y: 0}
      m_Rotation: 0
      m_Anchor: 9
    m_Material: {fileID: 0}
    m_SubmeshIndex: 0
    m_ManualUV: 0
    elementGroup: -1
    m_TextureGroup: -1
  - m_Indexes: 200000002100000022000000210000002300000022000000
    m_SmoothingGroup: 0
    m_Uv:
      m_UseWorldSpace: 0
      m_FlipU: 0
      m_FlipV: 0
      m_SwapUV: 0
      m_Fill: 1
      m_Scale: {x: 1, y: 1}
      m_Offset: {x: 0, y: 0}
      m_Rotation: 0
      m_Anchor: 9
    m_Material: {fileID: 0}
    m_SubmeshIndex: 0
    m_ManualUV: 0
    elementGroup: -1
    m_TextureGroup: -1
  - m_Indexes: 240000002500000026000000250000002700000026000000
    m_SmoothingGroup: 0
    m_Uv:
      m_UseWorldSpace: 0
      m_FlipU: 0
      m_FlipV: 0
      m_SwapUV: 0
      m_Fill: 1
      m_Scale: {x: 1, y: 1}
      m_Offset: {x: 0, y: 0}
      m_Rotation: 0
      m_Anchor: 9
    m_Material: {fileID: 0}
    m_SubmeshIndex: 0
    m_ManualUV: 0
    elementGroup: -1
    m_TextureGroup: -1
  - m_Indexes: 28000000290000002a000000290000002b0000002a000000
    m_SmoothingGroup: 0
    m_Uv:
      m_UseWorldSpace: 0
      m_FlipU: 0
      m_FlipV: 0
      m_SwapUV: 0
      m_Fill: 1
      m_Scale: {x: 1, y: 1}
      m_Offset: {x: 0, y: 0}
      m_Rotation: 0
      m_Anchor: 9
    m_Material: {fileID: 0}
    m_SubmeshIndex: 0
    m_ManualUV: 0
    elementGroup: -1
    m_TextureGroup: -1
  - m_Indexes: 2c0000002d0000002e0000002d0000002f0000002e000000
    m_SmoothingGroup: 0
    m_Uv:
      m_UseWorldSpace: 0
      m_FlipU: 0
      m_FlipV: 0
      m_SwapUV: 0
      m_Fill: 1
      m_Scale: {x: 1, y: 1}
      m_Offset: {x: 0, y: 0}
      m_Rotation: 0
      m_Anchor: 9
    m_Material: {fileID: 0}
    m_SubmeshIndex: 0
    m_ManualUV: 0
    elementGroup: -1
    m_TextureGroup: -1
  - m_Indexes: 300000003100000032000000310000003300000032000000
    m_SmoothingGroup: 0
    m_Uv:
      m_UseWorldSpace: 0
      m_FlipU: 0
      m_FlipV: 0
      m_SwapUV: 0
      m_Fill: 1
      m_Scale: {x: 1, y: 1}
      m_Offset: {x: 0, y: 0}
      m_Rotation: 0
      m_Anchor: 9
    m_Material: {fileID: 0}
    m_SubmeshIndex: 0
    m_ManualUV: 0
    elementGroup: -1
    m_TextureGroup: -1
  m_SharedVertices:
  - m_Vertices: 00000000
  - m_Vertices: 0100000030000000
  - m_Vertices: 0200000008000000
  - m_Vertices: 0300000009000000100000002900000032000000
  - m_Vertices: 040000002d000000
  - m_Vertices: 05000000
  - m_Vertices: 060000000c00000011000000280000002f000000
  - m_Vertices: 070000000d000000
  - m_Vertices: 0a000000
  - m_Vertices: 0b00000012000000
  - m_Vertices: 0e00000013000000
  - m_Vertices: 0f000000
  - m_Vertices: 1400000031000000
  - m_Vertices: 15000000
  - m_Vertices: 160000001c000000250000002b00000033000000
  - m_Vertices: 170000001d000000
  - m_Vertices: 18000000
  - m_Vertices: 190000002c000000
  - m_Vertices: 1a00000020000000
  - m_Vertices: 1b00000021000000240000002a0000002e000000
  - m_Vertices: 1e00000027000000
  - m_Vertices: 1f000000
  - m_Vertices: 22000000
  - m_Vertices: 2300000026000000
  m_SharedTextures: []
  m_Positions:
  - {x: 0, y: 0, z: 5.96344}
  - {x: 0.75, y: 0, z: 5.96344}
  - {x: 0, y: 2, z: 5.96344}
  - {x: 0.75, y: 2, z: 5.96344}
  - {x: 2.25, y: 0, z: 5.96344}
  - {x: 3, y: 0, z: 5.96344}
  - {x: 2.25, y: 2, z: 5.96344}
  - {x: 3, y: 2, z: 5.96344}
  - {x: 0, y: 2, z: 5.96344}
  - {x: 0.75, y: 2, z: 5.96344}
  - {x: 0, y: 2.5, z: 5.96344}
  - {x: 0.75, y: 2.5, z: 5.96344}
  - {x: 2.25, y: 2, z: 5.96344}
  - {x: 3, y: 2, z: 5.96344}
  - {x: 2.25, y: 2.5, z: 5.96344}
  - {x: 3, y: 2.5, z: 5.96344}
  - {x: 0.75, y: 2, z: 5.96344}
  - {x: 2.25, y: 2, z: 5.96344}
  - {x: 0.75, y: 2.5, z: 5.96344}
  - {x: 2.25, y: 2.5, z: 5.96344}
  - {x: 0.75, y: 0, z: 0}
  - {x: 0, y: 0, z: 0}
  - {x: 0.75, y: 2, z: 0}
  - {x: 0, y: 2, z: 0}
  - {x: 3, y: 0, z: 0}
  - {x: 2.25, y: 0, z: 0}
  - {x: 3, y: 2, z: 0}
  - {x: 2.25, y: 2, z: 0}
  - {x: 0.75, y: 2, z: 0}
  - {x: 0, y: 2, z: 0}
  - {x: 0.75, y: 2.5, z: 0}
  - {x: 0, y: 2.5, z: 0}
  - {x: 3, y: 2, z: 0}
  - {x: 2.25, y: 2, z: 0}
  - {x: 3, y: 2.5, z: 0}
  - {x: 2.25, y: 2.5, z: 0}
  - {x: 2.25, y: 2, z: 0}
  - {x: 0.75, y: 2, z: 0}
  - {x: 2.25, y: 2.5, z: 0}
  - {x: 0.75, y: 2.5, z: 0}
  - {x: 2.25, y: 2, z: 5.96344}
  - {x: 0.75, y: 2, z: 5.96344}
  - {x: 2.25, y: 2, z: 0}
  - {x: 0.75, y: 2, z: 0}
  - {x: 2.25, y: 0, z: 0}
  - {x: 2.25, y: 0, z: 5.96344}
  - {x: 2.25, y: 2, z: 0}
  - {x: 2.25, y: 2, z: 5.96344}
  - {x: 0.75, y: 0, z: 5.96344}
  - {x: 0.75, y: 0, z: 0}
  - {x: 0.75, y: 2, z: 5.96344}
  - {x: 0.75, y: 2, z: 0}
  m_Textures0:
  - {x: 0, y: 0}
  - {x: -0.75, y: 0}
  - {x: 0, y: 2}
  - {x: -0.75, y: 2}
  - {x: -2.25, y: 0}
  - {x: -3, y: 0}
  - {x: -2.25, y: 2}
  - {x: -3, y: 2}
  - {x: 0, y: 2}
  - {x: -0.75, y: 2}
  - {x: 0, y: 2.5}
  - {x: -0.75, y: 2.5}
  - {x: -2.25, y: 2}
  - {x: -3, y: 2}
  - {x: -2.25, y: 2.5}
  - {x: -3, y: 2.5}
  - {x: -0.75, y: 2}
  - {x: -2.25, y: 2}
  - {x: -0.75, y: 2.5}
  - {x: -2.25, y: 2.5}
  - {x: 0.75, y: 0}
  - {x: 0, y: 0}
  - {x: 0.75, y: 2}
  - {x: 0, y: 2}
  - {x: 3, y: 0}
  - {x: 2.25, y: 0}
  - {x: 3, y: 2}
  - {x: 2.25, y: 2}
  - {x: 0.75, y: 2}
  - {x: 0, y: 2}
  - {x: 0.75, y: 2.5}
  - {x: 0, y: 2.5}
  - {x: 3, y: 2}
  - {x: 2.25, y: 2}
  - {x: 3, y: 2.5}
  - {x: 2.25, y: 2.5}
  - {x: 2.25, y: 2}
  - {x: 0.75, y: 2}
  - {x: 2.25, y: 2.5}
  - {x: 0.75, y: 2.5}
  - {x: -2.25, y: 5.96344}
  - {x: -0.75, y: 5.96344}
  - {x: -2.25, y: 0}
  - {x: -0.75, y: 0}
  - {x: 0, y: 0}
  - {x: -5.96344, y: 0}
  - {x: 0, y: 2}
  - {x: -5.96344, y: 2}
  - {x: 5.96344, y: 0}
  - {x: 0, y: 0}
  - {x: 5.96344, y: 2}
  - {x: 0, y: 2}
  m_Textures2: []
  m_Textures3: []
  m_Tangents:
  - {x: -1, y: 0, z: 0, w: -1}
  - {x: -1, y: 0, z: 0, w: -1}
  - {x: -1, y: 0, z: 0, w: -1}
  - {x: -1, y: 0, z: 0, w: -1}
  - {x: -1, y: 0, z: 0, w: -1}
  - {x: -1, y: 0, z: 0, w: -1}
  - {x: -1, y: 0, z: 0, w: -1}
  - {x: -1, y: 0, z: 0, w: -1}
  - {x: -1, y: 0, z: 0, w: -1}
  - {x: -1, y: 0, z: 0, w: -1}
  - {x: -1, y: 0, z: 0, w: -1}
  - {x: -1, y: 0, z: 0, w: -1}
  - {x: -1, y: 0, z: 0, w: -1}
  - {x: -1, y: 0, z: 0, w: -1}
  - {x: -1, y: 0, z: 0, w: -1}
  - {x: -1, y: 0, z: 0, w: -1}
  - {x: -1, y: 0, z: 0, w: -1}
  - {x: -1, y: 0, z: 0, w: -1}
  - {x: -1, y: 0, z: 0, w: -1}
  - {x: -1, y: 0, z: 0, w: -1}
  - {x: 1, y: 0, z: 0, w: -1}
  - {x: 1, y: 0, z: 0, w: -1}
  - {x: 1, y: 0, z: 0, w: -1}
  - {x: 1, y: 0, z: 0, w: -1}
  - {x: 1, y: 0, z: 0, w: -1}
  - {x: 1, y: 0, z: 0, w: -1}
  - {x: 1, y: 0, z: 0, w: -1}
  - {x: 1, y: 0, z: 0, w: -1}
  - {x: 1, y: 0, z: 0, w: -1}
  - {x: 1, y: 0, z: 0, w: -1}
  - {x: 1, y: 0, z: 0, w: -1}
  - {x: 1, y: 0, z: 0, w: -1}
  - {x: 1, y: 0, z: 0, w: -1}
  - {x: 1, y: 0, z: 0, w: -1}
  - {x: 1, y: 0, z: 0, w: -1}
  - {x: 1, y: 0, z: 0, w: -1}
  - {x: 1, y: 0, z: 0, w: -1}
  - {x: 1, y: 0, z: 0, w: -1}
  - {x: 1, y: 0, z: 0, w: -1}
  - {x: 1, y: 0, z: 0, w: -1}
  - {x: -1, y: 0, z: 0, w: -1}
  - {x: -1, y: 0, z: 0, w: -1}
  - {x: -1, y: 0, z: 0, w: -1}
  - {x: -1, y: 0, z: 0, w: -1}
  - {x: 0, y: 0, z: -1, w: -1}
  - {x: 0, y: 0, z: -1, w: -1}
  - {x: 0, y: 0, z: -1, w: -1}
  - {x: 0, y: 0, z: -1, w: -1}
  - {x: 0, y: 0, z: 1, w: -1}
  - {x: 0, y: 0, z: 1, w: -1}
  - {x: 0, y: 0, z: 1, w: -1}
  - {x: 0, y: 0, z: 1, w: -1}
  m_Colors: []
  m_UnwrapParameters:
    m_HardAngle: 88
    m_PackMargin: 20
    m_AngleError: 8
    m_AreaError: 15
  m_PreserveMeshAssetOnDestroy: 0
  assetGuid: 
  m_Mesh: {fileID: 0}
  m_VersionIndex: 712
  m_IsSelectable: 1
  m_SelectedFaces: 
  m_SelectedEdges: []
  m_SelectedVertices: 
--- !u!23 &3902299997713580669
MeshRenderer:
  m_ObjectHideFlags: 0
  m_CorrespondingSourceObject: {fileID: 0}
  m_PrefabInstance: {fileID: 0}
  m_PrefabAsset: {fileID: 0}
  m_GameObject: {fileID: 3902299997713580544}
  m_Enabled: 1
  m_CastShadows: 1
  m_ReceiveShadows: 1
  m_DynamicOccludee: 1
  m_StaticShadowCaster: 0
  m_MotionVectors: 1
  m_LightProbeUsage: 1
  m_ReflectionProbeUsage: 1
  m_RayTracingMode: 2
  m_RayTraceProcedural: 0
  m_RenderingLayerMask: 1
  m_RendererPriority: 0
  m_Materials:
  - {fileID: 2100000, guid: c22777d6e868e4f2fb421913386b154e, type: 2}
  m_StaticBatchInfo:
    firstSubMesh: 0
    subMeshCount: 0
  m_StaticBatchRoot: {fileID: 0}
  m_ProbeAnchor: {fileID: 0}
  m_LightProbeVolumeOverride: {fileID: 0}
  m_ScaleInLightmap: 1
  m_ReceiveGI: 1
  m_PreserveUVs: 0
  m_IgnoreNormalsForChartDetection: 0
  m_ImportantGI: 0
  m_StitchLightmapSeams: 1
  m_SelectedEditorRenderState: 2
  m_MinimumChartSize: 4
  m_AutoUVMaxDistance: 0.5
  m_AutoUVMaxAngle: 89
  m_LightmapParameters: {fileID: 0}
  m_SortingLayerID: 0
  m_SortingLayer: 0
  m_SortingOrder: 0
  m_AdditionalVertexStreams: {fileID: 0}
--- !u!33 &3902299997713580546
MeshFilter:
  m_ObjectHideFlags: 0
  m_CorrespondingSourceObject: {fileID: 0}
  m_PrefabInstance: {fileID: 0}
  m_PrefabAsset: {fileID: 0}
  m_GameObject: {fileID: 3902299997713580544}
  m_Mesh: {fileID: 0}
--- !u!64 &3902299997713580547
MeshCollider:
  m_ObjectHideFlags: 0
  m_CorrespondingSourceObject: {fileID: 0}
  m_PrefabInstance: {fileID: 0}
  m_PrefabAsset: {fileID: 0}
  m_GameObject: {fileID: 3902299997713580544}
  m_Material: {fileID: 0}
  m_IsTrigger: 0
  m_Enabled: 1
  serializedVersion: 4
  m_Convex: 0
  m_CookingOptions: 30
  m_Mesh: {fileID: 0}
--- !u!1 &3902299998264058645
GameObject:
  m_ObjectHideFlags: 0
  m_CorrespondingSourceObject: {fileID: 0}
  m_PrefabInstance: {fileID: 0}
  m_PrefabAsset: {fileID: 0}
  serializedVersion: 6
  m_Component:
  - component: {fileID: 3902299998264058644}
  m_Layer: 0
  m_Name: Tower
  m_TagString: Untagged
  m_Icon: {fileID: 0}
  m_NavMeshLayer: 0
  m_StaticEditorFlags: 0
  m_IsActive: 1
--- !u!4 &3902299998264058644
Transform:
  m_ObjectHideFlags: 0
  m_CorrespondingSourceObject: {fileID: 0}
  m_PrefabInstance: {fileID: 0}
  m_PrefabAsset: {fileID: 0}
  m_GameObject: {fileID: 3902299998264058645}
  m_LocalRotation: {x: 0, y: 0, z: 0, w: 1}
  m_LocalPosition: {x: 498.43, y: 0, z: 486.11}
  m_LocalScale: {x: 1, y: 1, z: 1}
  m_ConstrainProportionsScale: 0
  m_Children:
  - {fileID: 3902299997684215004}
  - {fileID: 3902299997713580671}
  m_Father: {fileID: 0}
  m_RootOrder: 0
  m_LocalEulerAnglesHint: {x: 0, y: 0, z: 0}
